2975 4234
635 405 843 462 LIBERLII.

582 587 774 649 FABVLA
795 587 902 647 xxxi.

495 686 659 739 MEVVS
676 687 731 738 Er
750 683 990 738 OOLVMBAE.

306 791 361 863 Qui
375 809 407 853 se
422 793 581 852 committit
594 790 708 850 homini
722 787 877 850 tutandum
891 780 1027 868 inprobo,

263 877 381 940 Auxilia
397 876 467 936 dum
481 877 622 955 requirit,
640 875 763 935 exitium
777 875 900 933 invenit.

306 959 465 1022 Columbae
480 977 568 1038 saepe
583 977 651 1019 curn
664 959 810 1036 fugissent
823 956 949 1017 miluum

263 1043 302 1106 Et
316 1043 466 1105 celeritate
481 1060 595 1122 pennae
610 1045 753 1104 vitassent
767 1060 881 1112 necem,

263 1129 427 1190 Consilium
441 1134 543 1206 raptor
557 1129 646 1187 vertit
660 1127 696 1188 ad
710 1126 858 1187 fallaciam

263 1213 301 1273 Et
315 1229 409 1290 genus
423 1214 538 1272 inerme
551 1210 604 1272 tali
620 1211 737 1290 decepit
752 1211 831 1271 dolo:

263 1294 360 1366 Quare
377 1296 535 1356 sollicitum
549 1297 649 1374 potius
663 1313 767 1356 aevum
783 1295 898 1365 ducitis,

262 1378 357 1450 Quam
371 1397 472 1457 regem
485 1397 533 1440 me
547 1381 656 1440 creatis
671 1381 730 1439 icto
744 1379 874 1448 foedere,

263 1463 320 1534 Qui
335 1483 387 1524 vos
401 1462 438 1524 ab
454 1465 536 1524 omni
550 1471 628 1525 tutas
642 1470 791 1542 praestem
805 1462 935 1526 iniuria?

263 1548 333 1610 lllae
348 1547 503 1608 credentes
518 1548 639 1608 tradunt
652 1565 718 1607 sese
732 1548 841 1617 miluo;

263 1630 320 1702 Qui
334 1649 459 1710 regnum
473 1631 597 1710 adeptus
612 1632 711 1710 coepit
724 1631 804 1692 vesci
818 1630 950 1708 singulas

262 1716 301 1778 Et
316 1733 455 1778 exercere
470 1717 620 1794 inperium
635 1717 731 1776 saevis
746 1714 904 1792 unguibus.

263 1797 347 1862 Tunc
362 1800 399 1862 de
413 1799 535 1862 relicuis
549 1818 622 1861 una:
652 1799 758 1860 blerito
774 1799 942 1879 plectimur.

526 2237 671 2298 LIBER
699 2235 956 2298 SECVNDVS.

651 2385 832 2438 AvcuoR.

265 2487 415 2568 Exemplis
430 2489 599 2548 continetur
614 2488 722 2566 Aesopi
737 2505 847 2565 genus;

265 2573 327 2635 Nec
342 2572 422 2634 aliud
436 2574 594 2651 quicquam
609 2590 664 2649 per
678 2571 802 2632 fabellas
816 2573 977 2650 quaeritur,

265 2657 358 2728 Quam
373 2658 540 2733 corrigatur
555 2673 640 2714 error
655 2662 688 2715 ut
702 2655 871 2715 mortalium

265 2743 416 2820 Acuatque
431 2758 497 2802 sese
512 2739 638 2817 diligens
653 2739 811 2799 industria.

265 2823 449 2904 Quicumque
464 2825 556 2885 luerit
571 2840 641 2900 ergo
655 2823 798 2883 narrandi
813 2825 905 2892 iocus,

265 2908 342 2969 lium
356 2910 453 2988 capiat
467 2926 568 2969 aurem
584 2915 614 2968 et
627 2913 725 2968 servet
738 2909 924 2986 propositum
940 2923 1035 2976 suum,

266 2992 309 3053 Re
324 2993 559 3062 commendatur,
574 3010 634 3052 nou
649 2993 778 3053 auctoris
792 2993 923 3053 nomine.

266 3075 412 3154 Equidem
427 3079 507 3137 omni
522 3094 594 3137 cura
607 3093 720 3136 morem
736 3075 861 3136 servabo
876 3076 972 3145 senis;

267 3159 326 3219 Sed
341 3160 368 3220 si
382 3158 504 3221 libuerit
518 3160 629 3239 aliquid
644 3161 845 3238 interponere,

267 3243 421 3304 Dictorum
436 3261 540 3305 sensus
554 3251 587 3303 ut
601 3243 728 3304 delectet
743 3246 878 3313 varietas,

268 3327 364 3388 Bonas
379 3329 411 3387 in
425 3335 539 3406 partes,
554 3327 659 3398 lector,
680 3329 809 3406 accipias
822 3328 920 3398 velim,

267 3411 327 3482 lta,
343 3413 370 3473 si
385 3412 528 3490 rependet
543 3411 622 3472 illarn
636 3411 766 3472 brevitas
781 3414 915 3488 gratiam.

268 3495 359 3556 Cuius
373 3495 498 3556 verbosa
512 3513 549 3554 ne
565 3498 604 3555 sit
618 3495 843 3565 commendatio,

272 3578 409 3646 lttende,
425 3598 480 3640 cur
494 3595 602 3656 negare
617 3580 732 3658 cupidis
748 3579 866 3650 debeas,

272 3663 411 3726 llodestis
426 3666 514 3725 etiam
529 3662 651 3733 offerre,
666 3663 746 3743 quod
758 3681 822 3724 non
835 3665 999 3746 petierint.
