2975 4234
659 400 767 456 LIBER
786 400 822 457 II.

606 551 797 611 TABVLA
817 540 872 610 IV.

470 649 649 712 somna,
666 649 799 702 nanas
815 649 870 700 nn
888 649 1013 701 annm

304 735 409 815 Aquila
423 737 456 797 ln
470 736 592 798 sublimi
607 754 720 815 quercu
735 736 839 796 nidum
853 736 979 804 iecerat;

262 818 350 880 Feles
364 838 519 882 cavernam
534 830 640 881 nancta
655 823 687 881 in
701 820 800 880 media
814 827 990 899 pepererat:

263 903 320 965 Sus
334 907 466 966 nemoris
481 906 590 966 cultrix
603 906 696 966 letum
712 904 749 965 ad
764 905 853 964 imam
867 909 1018 983 posuerat.

263 986 339 1049 Tum
354 989 509 1050 fortuitum
523 989 597 1050 feles
611 988 841 1050 contubernium
1081 991 1083 996 '

247 1147 250 1154 ,
263 1071 379 1133 Fraude
395 1081 426 1134 et
440 1072 565 1135 scelesta
580 1075 623 1134 sic
638 1075 746 1134 evertit
760 1073 881 1133 malitia.

262 1155 307 1216 Ad
321 1157 424 1218 nidum
439 1158 555 1218 scandit
569 1158 713 1219 volucris:
742 1157 909 1226 Pernicies,
926 1157 976 1225 ait,

263 1237 332 1301 Tibi
346 1248 483 1320 paratur,
498 1243 598 1303 forsan
614 1250 644 1303 et
658 1244 786 1303 miserae
801 1241 891 1311 mibi;

262 1322 338 1384 Nam
351 1325 454 1386 fodere
469 1333 580 1387 terram
595 1327 672 1406 quod
687 1327 770 1387 vides
785 1326 893 1386 cotidie

263 1407 376 1487 Aprum
391 1410 581 1480 insidiosum,
597 1429 740 1490 quercum
757 1410 817 1470 vult
831 1409 976 1478 evertere,

263 1489 300 1552 Vt
313 1499 443 1554 nostram
458 1496 491 1555 in
505 1495 594 1574 plano
609 1496 697 1556 facile
712 1497 887 1574 progeniem
901 1494 1058 1572 opprimat.

197 1592 199 1596 ⁴
263 1573 391 1637 Terrore
407 1579 500 1639 olluso
515 1586 545 1639 et
558 1578 743 1658 perturbatis
758 1577 895 1638 sensibus

263 1659 386 1740 Derepit
400 1662 437 1722 ad
452 1661 550 1724 cubile
565 1670 680 1723 setosae
695 1664 775 1724 suis:

262 1743 383 1822 Magno,
399 1747 511 1826 inquit,
527 1749 559 1807 in
574 1747 686 1826 periclo
702 1754 770 1807 sunt
785 1748 846 1806 nati
861 1747 920 1816 tui;

263 1827 354 1899 Nam,
370 1831 459 1891 simul
475 1832 585 1892 exieris
599 1840 716 1911 pastum
731 1849 799 1892 cum
813 1838 917 1891 tenero
933 1847 1032 1908 grege,

265 1913 367 1992 Aquila
383 1921 427 1974 est
440 1923 543 1994 parata
559 1933 665 1994 rapere
680 1916 825 1995 porcellos
840 1915 907 1975 tibi.

263 1995 348 2058 Hunc
363 2017 481 2078 quoque
496 2002 602 2061 timore
618 2010 774 2080 postquam
788 2000 936 2079 conplevit
951 2000 1059 2069 locum,

263 2079 370 2143 Dolosa
384 2090 449 2144 tuto
464 2084 598 2145 condidit
612 2102 677 2145 sese
693 2103 774 2145 cavo.

263 2163 335 2225 Inde
350 2174 469 2244 evagata
483 2175 572 2230 noctu
586 2187 730 2248 suspenso
745 2168 830 2248 pede,

263 2247 319 2307 Vbi
335 2266 401 2309 esca
416 2269 448 2311 se
462 2252 589 2331 replevit
603 2262 631 2314 et
646 2253 761 2332 prolem
775 2271 868 2322 suam,

263 2331 405 2394 Pavorem
419 2336 560 2397 simulans
573 2339 719 2416 prospicit
733 2344 796 2397 toto
810 2337 869 2397 die.

263 2415 389 2477 Ruinam
404 2427 540 2482 metuens
554 2423 653 2500 aquila
670 2423 761 2482 ramis
776 2422 907 2492 desidel;

263 2499 342 2578 Aper
356 2502 490 2580 rapinam
506 2506 601 2565 vitans
616 2524 674 2565 non
689 2505 789 2584 prodit
803 2507 893 2565 loras.

263 2582 340 2654 Quid
354 2586 463 2648 mullei
488 2586 590 2648 lnedia
604 2597 673 2648 sunt
687 2591 854 2667 consumpti
869 2606 937 2647 cum
952 2589 1013 2648 suis

264 2667 402 2749 Felisque
417 2671 522 2731 catulis
537 2671 649 2748 largam
663 2671 866 2750 praebuerunt
880 2672 996 2750 dapem.

305 2751 452 2823 Quantum
467 2755 554 2816 bomo
569 2754 714 2833 bilinguis
728 2774 817 2834 saepe
832 2757 990 2815 concinnet
1004 2755 1084 2826 mali,

263 2835 476 2900 Documentum
491 2839 602 2900 babere
617 2839 707 2900 stulta
721 2840 881 2902 credulitas
895 2847 1000 2919 potest.

619 2975 810 3036 FABVLA
829 2976 868 3036 V.

409 3069 541 3140 [ITEM]
561 3072 726 3125 CAESAR
742 3075 801 3125 AD
818 3074 1077 3127 summatem·

305 3155 357 3216 Est
372 3157 556 3220 ardelionum
570 3159 714 3239 quaedam
728 3159 839 3220 Romae
854 3163 945 3230 natio,

263 3240 393 3319 Trepide
408 3259 600 3312 concursans,
616 3251 757 3322 occupata
772 3246 805 3305 in
819 3246 888 3314 otio,

263 3325 363 3386 Gratis
377 3325 533 3396 anhelans,
548 3327 640 3388 multa
654 3328 769 3405 agendo
783 3329 827 3389 nil
841 3346 942 3406 agens,

263 3409 328 3470 Sibi
343 3409 467 3471 molesta
482 3418 512 3470 et
526 3411 591 3472 aliis
607 3412 802 3474 odiosissima.

264 3492 344 3554 llanc
359 3494 531 3564 emendare,
547 3497 573 3556 si
588 3503 687 3556 tamen
702 3515 837 3576 possum,
853 3497 919 3557 volo

265 3573 338 3636 Vera
353 3577 474 3640 labella:
497 3582 627 3659 pretium
642 3589 688 3642 est
702 3600 810 3660 operae
825 3581 997 3644 adtendere.

305 3660 413 3724 Caesar
427 3662 569 3725 Tiberius
582 3682 651 3725 cum
665 3674 771 3745 petens
786 3665 946 3746 Neapolim
