2975 4234
296 418 341 489 ἃ
564 414 723 473 Pnnunssl
743 415 965 472 FABVLARVM

628 599 817 660 FABVLA
837 598 892 659 IV.

503 697 785 753 monmuflmvs
802 697 857 748 ΕΤ
874 696 1024 752 Domvs.

565 780 608 836 De
623 779 742 834 reniale
759 778 790 833 et
805 778 960 854 mendacio.

334 892 411 957 oum
423 887 611 953 Prometheus
624 884 716 946 seculi
730 883 837 962 figulus
852 885 920 946 novi

292 980 369 1043 mn
380 974 482 1039 suhtill
495 973 653 1034 Veritatem
666 969 788 1039 fecerat,

291 1064 328 1125 il
342 1068 406 1125 iure
419 1065 517 1141 posset
529 1058 607 1117 inter
620 1053 755 1114 homines
769 1053 907 1116 reddere.

292 1146 396 1209 Subito
408 1143 566 1205 accersitus
579 1138 681 1199 nuntio
695 1139 795 1215 magni
809 1137 887 1198 lovis

291 1228 476 1295 sommendat
489 1225 633 1287 cilicinam
646 1220 746 1282 fallaci
759 1221 842 1291 Dolo,

291 1314 324 1379 ln
337 1312 520 1393 disciplinam
534 1323 627 1385 nuper
641 1323 730 1385 quem
744 1314 911 1385 receperat.

290 1398 345 1463 lhe
356 1396 453 1461 cordio
464 1408 616 1459 acuemus,
632 1388 709 1449 facie
723 1390 916 1452 simulacrum
930 1391 1007 1471 parl,

289 1484 350 1545 τω
363 1488 485 1548 namra,
500 1474 595 1537 similo
610 1480 640 1534 ct
653 1473 797 1536 membris
812 1475 958 1547 omnibus,

288 1566 363 1631 uun
375 1574 489 1643 tempus
502 1557 618 1627 hahuit,
635 1557 741 1619 callida
756 1561 841 1620 finxit
857 1579 957 1621 manu.

287 1648 370 1723 Quod
382 1663 472 1729 propo
485 1645 543 1704 iam
556 1648 651 1702 totum
665 1645 740 1703 mire
755 1662 822 1704 cum
836 1646 965 1723 positum
980 1645 1066 1716 foret,

288 1736 391 1799 Lutum
403 1730 440 1793 ud
452 1725 601 1790 iaciendos
614 1725 659 1786 illi
674 1727 784 1788 defecit
797 1729 901 1807 pedes.

286 1818 372 1883 ileon
384 1815 535 1891 magister,
551 1829 609 1889 quo
624 1812 801 1872 festinanter
815 1812 905 1875 Dolus

285 1902 363 1967 lletu
376 1897 508 1961 turbatus
520 1895 551 1954 in
566 1912 619 1955 suo
633 1895 711 1956 sedit
724 1894 799 1957 loco.

284 1986 391 2051 {trans
403 1978 595 2043 Prometheus
609 1986 721 2040 tantam
735 1981 969 2054 similitudinem,

283 2069 420 2149 Propriae
433 2063 529 2123 rideri
543 2063 635 2124 voluit
649 2066 724 2126 artis
738 2065 874 2142 gloriam.

282 2154 374 2233 lgltm
387 2147 498 2211 lornaci
512 2149 626 2226 pariter
640 2148 698 2209 duo
714 2151 799 2227 signa
812 2151 930 2222 intulit;
1024 2158 1026 2165 '

281 2235 393 2311 erhus
406 2233 554 2313 percoctis
569 2239 657 2312 atque
672 2235 770 2294 inluso
785 2237 902 2312 spiritu,

280 2320 406 2385 llodesto
420 2332 525 2393 gressu
539 2324 639 2377 sancta
653 2319 777 2378 incessit
790 2318 922 2391 Veritas:

280 2408 317 2469 At
329 2411 431 2464 manca
445 2402 560 2478 species
575 2401 672 2462 haesit
685 2403 718 2461 in
732 2405 869 2480 vestigio.

279 2488 360 2551 ‘lunc
374 2483 445 2545 falsa
459 2486 557 2562 imago
571 2493 659 2565 atque
674 2488 776 2565 operis
790 2488 894 2548 furtivi
908 2487 992 2550 labor

278 2569 460 2634 ilendacium
476 2568 654 2648 adpellatum
668 2577 728 2642 est;
744 2572 823 2650 quod
837 2574 1017 2650 negantibus

276 2654 370 2717 Pedes
384 2652 493 2713 habere
509 2654 604 2715 facilis
620 2663 665 2716 est
679 2659 846 2718 consensio.

317 2736 458 2797 Simulata
472 2739 623 2799 interdum
637 2741 709 2800 vitia
723 2749 850 2819 prosunt
867 2741 1047 2814 hominihus,

275 2820 333 2882 Sed
347 2828 480 2901 tempore
493 2823 559 2902 ipso
573 2831 672 2884 tamen
687 2834 812 2903 apparet
825 2829 948 2888 veritas.

628 2977 821 3037 FABVLA
842 2979 881 3041 V.

656 3075 839 3128 Avcuom.

445 3151 561 3207 Samum
578 3153 782 3210 aestimandum
799 3174 872 3225 osse,
890 3172 947 3212 non
964 3158 1059 3214 verbu.

313 3255 397 3318 Ixion
411 3259 490 3338 quod
504 3263 617 3320 versari
632 3271 770 3324 narratur
784 3272 858 3334 rota,

271 3339 437 3403 Volubilem
453 3343 613 3407 Fortunam
627 3347 732 3408 iactari
748 3348 844 3408 docet.

271 3423 419 3487 Adversus
434 3427 508 3487 altos
523 3427 667 3507 Sisyphus
681 3440 798 3492 montes
813 3449 903 3509 agens

272 3507 381 3570 Saxum
395 3509 497 3571 labore
511 3530 640 3584 summo,
656 3515 735 3594 quod
750 3516 787 3576 de
802 3519 923 3588 vertice,

272 3593 386 3653 Sudore
401 3613 519 3674 semper
533 3598 621 3658 irrito
636 3600 807 3670 revolvitur,

262 3677 405 3738 Ostendit
415 3679 573 3744 hominum
587 3683 653 3744 sine
668 3684 727 3746 fine
742 3702 808 3746 esse
825 3688 968 3749 miserias
