2975 4234
268 385 309 451 42
543 391 705 448 PHAEDRI
726 393 950 451 FABVLARVM

591 593 782 654 EABVLA
802 595 898 655 XXII.

576 699 637 752 ΒΕ
664 699 913 754 SIMONIDE.

308 801 403 863 Homo
417 801 521 864 doctus
534 805 566 864 in
581 821 613 863 se
627 821 747 883 semper
761 803 879 865 divitias
893 801 992 866 hahet.

266 885 449 956 Simonides,
465 888 516 967 qui
531 889 653 966 scripsit
667 889 821 966 egregium
834 886 936 958 melos,

265 969 329 1040 Quo
343 977 550 1051 paupertatem
566 973 727 1032 sustineret
742 972 870 1042 facilius,

266 1055 386 1116 Circum
401 1057 446 1116 ire
461 1057 559 1134 coepit
572 1054 663 1116 urbes
676 1058 763 1117 Asiae
778 1054 902 1126 nobiles,

265 1138 402 1200 Mercede
417 1147 535 1218 accepta
550 1138 667 1200 landem
680 1141 826 1200 victorum
841 1157 959 1201 canens
1203 1149 1222 1203 5

265 1222 328 1284 lloc
343 1239 453 1301 genere
468 1231 607 1302 quaestus
620 1234 777 1303 postquam
790 1223 923 1303 locuples
936 1224 1033 1286 lactus
1046 1233 1101 1296 ost,

266 1305 376 1368 Redire
391 1309 424 1368 in
438 1309 566 1387 patriam
579 1307 673 1368 voluit
687 1325 777 1369 cursu
790 1308 922 1388 pelagio;

265 1389 338 1452 Erat
352 1399 466 1462 autem,
483 1399 516 1452 nt
530 1394 627 1462 aiunt,
643 1398 731 1453 natus
744 1393 777 1452 in
792 1392 844 1454 Cia
858 1391 969 1452 insula:

265 1475 407 1537 Ascendit
420 1494 540 1546 navem,
556 1494 643 1556 quam
657 1483 819 1555 tempestas
832 1475 954 1537 horrida

265 1558 360 1620 Simul
374 1565 405 1620 ct
418 1567 548 1620 vetustas
562 1561 660 1621 medio
674 1559 809 1621 dissolvit
822 1563 910 1622 mari.

266 1642 304 1704 lli
319 1661 422 1713 zonas,
438 1644 481 1704 illi
496 1663 546 1704 res
559 1647 706 1723 pretiosas
720 1644 873 1722 colligunt,

266 1726 438 1789 Subsidium
453 1730 541 1788 vitae.
571 1727 696 1798 Quidam
710 1731 871 1789 curiosior:

266 1809 432 1881 Simonide,
447 1819 480 1872 tu
495 1830 531 1872 en
545 1811 652 1891 opibus
666 1811 707 1872 nil
722 1814 815 1873 sumis
828 1812 906 1873 tuis?

265 1893 395 1965 llccum,
411 1897 523 1975 inquit,
539 1914 605 1956 mea
619 1902 688 1956 sunt
702 1905 818 1957 cuncta.
848 1895 932 1956 'l’unc
945 1898 1034 1977 paucl
1048 1904 1177 1968 enatant,

265 1977 341 2049 Quia
355 1977 456 2058 plures
469 1997 559 2040 onere
574 1980 725 2058 degravati
739 1983 902 2059 perierant.
933 2004 939 2018 ·
1187 1985 1222 2038 15

264 2061 434 2123 Praedones
448 2063 569 2134 adsunt,
583 2065 718 2143 rapiunt,
733 2063 813 2143 quod
827 2066 953 2144 quisque
967 2062 1083 2135 extulit,

265 2147 366 2208 Nudos
380 2147 559 2227 relinquunt.
590 2147 679 2208 Forte
694 2147 885 2209 Clazomenae
899 2163 993 2226 prope

265 2232 394 2310 Antiqua
408 2231 465 2292 luit
479 2231 567 2302 urbs,
583 2249 670 2310 quam
684 2235 835 2310 petierunt
848 2231 995 2309 naufragi.

265 2314 322 2376 llic
336 2314 502 2376 litterarum
517 2316 636 2395 quidam
651 2315 749 2375 studio
764 2315 891 2385 deditus,

266 2398 427 2460 Simonidis
441 2400 493 2478 qui
508 2417 595 2480 saepe
609 2416 712 2459 versus
725 2397 840 2476 legerat

265 2479 395 2562 Eratque
409 2481 541 2544 absentis
555 2483 716 2545 admirator
730 2485 885 2554 maximus,

265 2565 408 2627 Sermone
423 2564 460 2626 ah
475 2568 540 2646 ipso
554 2569 705 2644 cognitum
719 2567 912 2647 cupidissime

265 2649 310 2711 lu
325 2668 357 2711 se
371 2653 501 2729 recepit;
516 2658 612 2722 veste,
627 2654 771 2721 nummis,
786 2651 899 2712 familia

265 2731 422 2795 Hominem
436 2737 598 2796 exornavit.
628 2734 727 2796 Ceteri
741 2734 872 2796 tabulam
886 2753 970 2798 suam

264 2815 387 2878 Portant
400 2826 538 2896 rogantes
553 2821 671 2879 rictum.
701 2817 781 2889 Quos
794 2837 866 2880 casu
880 2818 982 2882 obvios
1185 2826 1222 2880 25

265 2899 430 2962 Simonides
444 2908 478 2961 ut
492 2901 579 2962 vidit:
608 2901 692 2971 llixi,
707 2904 820 2982 inquit,
835 2920 901 2964 mea

263 2982 378 3045 llecum
392 3002 458 3045 esso
473 2992 594 3056 cuncta;
609 3003 661 3046 vos
675 2986 754 3065 quod
769 2988 926 3066 rapuistis,
941 2987 1032 3066 perit.

580 3188 774 3249 EABVLA
794 3190 904 3250 xxm.

505 3293 637 3346 MONS
654 3293 974 3347 Pnnnvmnrm.

305 3393 389 3457 lllons
402 3395 583 3476 parturibat,
599 3399 729 3474 gemitus
742 3399 877 3457 inmanes
890 3398 983 3468 ciens,

263 3477 394 3559 Eratque
409 3481 441 3540 in
455 3481 546 3540 terris
559 3482 686 3541 maxima
701 3481 891 3559 exspectatio.

264 3565 302 3624 lt
315 3563 364 3624 ifle
378 3581 492 3624 murem
506 3566 633 3644 peperit.
663 3563 725 3624 lloc
740 3566 883 3643 scriptum
898 3572 944 3626 est
956 3562 1022 3637 tihi,

264 3645 336 3717 Oui,
351 3663 458 3726 magna
473 3664 540 3708 eum
554 3650 694 3719 minaris,
710 3650 838 3709 extricas
852 3647 936 3711 niun
