2975 4234
262 387 301 451 32
542 399 702 455 runcum
721 398 946 457 recusum

264 548 457 628 Persequitur
472 547 555 610 illum
570 548 643 609 dura
657 547 711 609 lati
726 549 857 610 miseria.

307 632 382 694 Galli
397 631 531 712 Cybebes
547 635 659 693 circum
673 634 705 692 in
720 642 861 712 quaestus
874 633 987 697 ducere

265 711 387 778 aninum
401 716 536 778 solebant
551 715 733 778 baiulantem
749 719 891 780 sarcinas.

263 801 292 862 ls
306 819 374 862 cum
388 799 491 861 labore
506 807 537 860 et
550 801 645 880 plagis
661 809 740 861 esset
753 809 898 873 mortuus,

263 884 401 946 Detracta
416 884 494 964 pelle
509 883 569 945 sibi
584 885 721 945 lecerunt
735 892 883 965 tympana.

263 968 369 1046 Rogati
384 988 452 1029 mox
467 987 483 1029 a
498 969 640 1048 quodam,
657 968 764 1029 delicio
780 988 833 1030 suo

263 1051 410 1124 Quidnam
424 1054 580 1123 fecissent,
595 1053 652 1133 hoc
665 1053 757 1114 locuti
772 1062 842 1114 sunt
854 1055 960 1118 modo:

263 1136 390 1199 Putabat
403 1155 435 1198 se
450 1145 517 1216 post
532 1146 657 1198 mortem
672 1155 810 1199 securum
824 1139 905 1209 lore;

263 1221 340 1282 Ecce
356 1221 431 1283 aliae
446 1221 549 1300 plagae
565 1230 767 1300 congeruntur
781 1231 909 1284 mortuo.

615 1374 808 1469 rannus
829 1375 871 1434 Π.

666 1473 817 1524 POE'I’A.

305 1558 437 1619 Ioculare
451 1557 509 1620 tibi
524 1559 656 1628 ridetur,
672 1566 703 1618 et
717 1577 788 1618 sane
802 1558 869 1628 leri,

263 1641 340 1703 Dum
355 1641 429 1704 nihil
443 1642 588 1704 habemus
602 1645 710 1714 maius,
727 1643 839 1703 calamo
855 1643 996 1705 ludimus.

264 1726 323 1788 Sed
338 1726 496 1804 diligenter
510 1730 627 1788 intuere
643 1727 697 1788 has
710 1729 828 1788 nenias:

263 1808 409 1881 Quantam
423 1810 479 1871 sub
494 1811 553 1872 illis
568 1812 725 1872 utilitatem
742 1813 890 1890 reperies!

264 1894 329 1956 Non
343 1913 461 1974 semper
472 1913 506 1955 ea
521 1903 603 1966 sunt,
619 1914 694 1975 quae
710 1895 865 1965 videntur;
881 1896 993 1974 decipit

265 1979 359 2040 Frons
373 1982 472 2058 prima
487 1979 608 2040 multos:
631 1997 698 2040 rara
713 1997 798 2039 mens
811 1979 969 2056 intellegit,

263 2062 348 2134 Quod
362 2065 506 2124 interiore
521 2063 656 2124 condidit
671 2081 742 2124 cura
757 2065 876 2141 angulo.

263 2146 326 2208 lloc
339 2165 377 2207 ne
392 2148 507 2208 loeutus
521 2151 585 2209 sine
601 2149 738 2208 mercede
754 2151 916 2218 existimer,

264 2229 414 2292 Fabellam
429 2232 554 2292 adiciam
569 2232 605 2292 de
621 2232 746 2293 mustela
761 2240 792 2292 et
805 2231 950 2308 muribus,

305 2315 428 2376 Mustela
443 2334 511 2376 cum
525 2318 610 2377 annis
625 2324 655 2376 et
669 2324 789 2376 senecta
804 2315 911 2376 debilis

263 2397 362 2461 liures
376 2399 490 2460 veloces
504 2419 563 2460 non
579 2399 690 2460 valeret
703 2400 836 2479 adsequi,

263 2483 388 2546 Involvit
402 2503 434 2545 se
449 2485 545 2544 larina
560 2491 590 2544 et
603 2483 731 2544 obscuro
745 2485 810 2544 loco

264 2567 381 2630 Abiecit
395 2569 596 2646 neglegenter.
627 2569 691 2630 llus
706 2586 804 2629 escam
819 2577 926 2647 putans

262 2653 390 2713 Adsiluit
404 2662 433 2714 et
448 2669 626 2732 conpressus
640 2652 781 2716 occubuit
795 2656 872 2713 neci.

263 2736 345 2798 Alter
359 2737 509 2806 similiter,
526 2737 633 2798 deinde
648 2740 728 2816 perit
742 2746 773 2797 et
786 2740 904 2798 tertius.

263 2819 381 2901 Aliquot
395 2824 507 2882 secutis
520 2824 601 2881 venit
616 2831 645 2880 et
659 2821 833 2900 retorridus,

262 2903 320 2975 Qui
334 2923 422 2984 saepe
438 2905 558 2985 laqueos
574 2913 603 2964 et
617 2901 780 2985 muscipula
796 2906 957 2983 effugerat:

264 2988 429 3069 Proculque
444 2989 567 3049 insidias
582 3007 708 3049 cernens
722 2989 815 3050 bostis
830 2989 945 3050 callidi:

262 3073 314 3135 Sic
329 3073 441 3143 valeas,
457 3075 569 3153 iuquit,
585 3081 617 3133 ut
632 3074 729 3135 farina
743 3091 791 3144 es,
807 3092 883 3153 quae
897 3074 992 3134 iaces!

610 3225 801 3285 FABVLA
822 3226 878 3285 ΙΠ.

538 3325 595 3375 DE
612 3324 756 3375 VVLPE
772 3325 828 3375 ΕΤ
844 3324 947 3380 VVA.

305 3409 396 3470 Fame
412 3416 513 3470 coacta
528 3410 630 3489 vulpes
646 3410 703 3469 alta
718 3411 750 3468 in
766 3411 850 3469 vinea

153 3476 155 3480 ⁸
264 3491 353 3554 Vvam
368 3492 527 3572 adpetebat
541 3496 664 3555 summis
680 3493 789 3554 saliens
803 3491 935 3569 viribus:

263 3577 358 3648 Quam
372 3585 493 3656 tangere
509 3586 615 3638 utnon
630 3579 739 3656 potuit,
756 3576 912 3651 discedens
926 3589 982 3639 art:

263 3662 401 3724 Nondum
415 3669 529 3723 matura
544 3669 605 3733 est;
620 3661 687 3722 nolo
702 3660 840 3723 acerbam
855 3679 982 3724 sumere.
