2975 4234
483 429 485 432 ’
542 429 703 485 PHAEDRI
722 429 944 485 rhemum

265 577 406 640 Adfectus
421 596 475 657 pro
513 579 558 638 ios
572 579 605 638 in
619 577 741 638 fabellas
756 578 906 640 transtulit

266 662 468 741 Calumniamq
501 662 600 746 ‘dotis
615 661 704 722 elusit
717 663 801 723 iocis.

265 746 327 823 Ego
342 763 432 824 porro
446 747 457 806 i
542 747 646 806 semita
662 746 720 806 leci
735 747 821 817 viam

265 830 303 892 Et
318 831 444 906 cogitavi
509 848 542 890 ra
557 848 645 909 quam
660 829 829 909 reliquerat,

265 914 299 975 ln
315 914 510 976 calamitatem
525 914 657 992 deligens
671 914 817 993 quaedam
831 932 936 976 meam.

266 997 348 1068 Quod
364 1001 390 1059 si
405 1004 559 1060 accusator
574 997 650 1058 alius
665 997 772 1059 Seiano
786 999 874 1068 foret,

267 1082 299 1143 Si
313 1085 399 1144 testis
414 1083 504 1151 alius,
519 1082 609 1144 iudex
624 1082 699 1143 alius
713 1083 851 1161 denique,

265 1166 393 1244 lliguum
408 1168 520 1227 faterer
535 1184 600 1227 esse
614 1184 662 1227 me
677 1169 769 1227 tantis
782 1166 877 1240 malis,

266 1250 328 1312 Neo
342 1250 389 1311 his
404 1251 535 1311 dolorem
543 1251 707 1311 delenirem
721 1250 872 1311 remediis.

267 1334 434 1414 Suspitioue
449 1336 543 1414 siquis
557 1335 671 1395 errabit
686 1353 738 1395 sua

265 1419 303 1480 Et
317 1421 415 1498 rapiet
430 1419 467 1480 ad
481 1436 527 1489 se,
544 1419 621 1498 quod
637 1421 696 1479 erit
710 1435 865 1478 commuue
881 1421 1022 1489 omnium,

267 1501 361 1564 Stulte
376 1501 501 1565 nudabit
515 1505 605 1564 animi
621 1504 839 1563 conscientiam.

267 1587 343 1648 lluio
358 1595 528 1649 excusatum
542 1605 589 1648 me
605 1587 691 1647 velim
707 1586 800 1647 nihilo
814 1589 928 1648 miuus:

266 1671 369 1751 Neque
385 1674 465 1733 enim
479 1679 583 1732 notare
599 1671 731 1749 singulos
746 1689 831 1731 umus
844 1678 891 1732 est
904 1671 989 1742 mihi,

266 1755 376 1817 Verum
389 1758 484 1835 ipsam
498 1757 589 1816 vitam
603 1763 634 1816 et
647 1773 747 1816 mores
761 1755 914 1816 hominum
928 1756 1096 1819 ostendere.

307 1839 382 1900 Rem
396 1859 443 1900 me
458 1841 625 1919 professum
641 1839 720 1900 dicet
734 1840 797 1899 lors
811 1841 918 1918 aliquis
932 1857 1062 1917 gravem.

267 1923 299 1985 Si
313 1923 413 2004 Phryx
427 1925 558 2003 Aesopus
572 1925 682 2003 potuit,
700 1924 726 1983 si
741 1923 918 1984 Anacharsis
933 1923 1041 2004 Scytha

266 2009 424 2070 Aeternam
438 2008 544 2068 famam
559 2007 687 2068 condere
703 2009 824 2084 ingenio
839 2025 908 2068 suo:

266 2092 343 2170 Ego,
358 2091 506 2152 litteratae
521 2094 573 2172 qui
589 2110 654 2152 sum
668 2094 791 2171 propior
805 2091 956 2163 Graeciae,

267 2176 327 2238 Cur
341 2194 444 2236 somno
458 2177 552 2237 inerti
567 2176 702 2236 deseram
716 2178 830 2254 patriae
846 2176 954 2237 deousi

266 2260 406 2321 Threissa
422 2278 489 2320 oum
502 2277 576 2338 gens
590 2268 727 2321 numeret
741 2269 877 2321 auctores
891 2279 970 2332 suos,

266 2344 400 2424 Linoque
415 2343 517 2422 Apollo
533 2345 572 2405 sit
586 2363 708 2424 parens,
724 2343 807 2405 llusa
822 2343 950 2422 Orpheo,

186 2443 190 2450 ’
267 2426 324 2498 Oui
338 2445 408 2489 saxa
423 2435 512 2490 cantu
526 2430 617 2488 movit
631 2435 661 2488 et
675 2428 790 2488 domuit
803 2427 883 2488 seras

267 2512 419 2592 Hebrique
434 2513 530 2572 tenuit
543 2514 663 2591 inpetus
678 2511 759 2571 dulci
774 2529 866 2572 mora.

267 2595 345 2673 Ergo
360 2596 430 2657 hino
448 2595 549 2657 abesto
564 2596 655 2666 livor,
671 2615 708 2656 ne
723 2597 835 2657 frustra
849 2613 958 2673 gemas,

267 2677 411 2750 Quoniam
427 2679 579 2740 sollemnis
594 2680 666 2741 mihi
682 2680 808 2741 debetur
822 2681 924 2758 gloria.

309 2764 414 2824 Induxi
430 2772 459 2823 te
476 2765 511 2824 ad
527 2764 700 2842 legendum;
715 2767 864 2825 sincerum
879 2764 952 2826 mihi

267 2847 402 2910 Candore
417 2856 486 2908 uoto
501 2849 607 2909 reddas
621 2849 764 2909 iudicium
779 2857 858 2926 peto.

626 3001 819 3062 FABVLA
840 3001 866 3060 L

517 3097 631 3150 ANVS
649 3099 707 3149 AD
724 3099 979 3153 AnuPHORAM.

309 3185 391 3246 Anus
405 3187 503 3244 iacere
518 3171 724 3262 ridit'epbtam
738 3185 920 3263 amphoram,

268 3267 371 3328 Adhuc
387 3267 511 3328 l'alerna
526 3267 731 3328 laece'e'testa
746 3268 839 3328 nobili
884 3271 888 3278 '

269 3351 397 3412 Odorem
411 3369 486 3431 quae
501 3351 661 3412 iocundum
675 3351 734 3412 late
750 3359 911 3430 spargeret.

269 3434 355 3496 Hunc
369 3443 523 3515 postquam
539 3438 609 3496 totis
625 3435 709 3496 avida
723 3438 814 3497 traxit
829 3436 967 3497 naribus:
981 3468 983 3471 ·

269 3517 294 3579 Ο
309 3521 407 3580 suavis
422 3520 534 3580 anima!
557 3519 641 3598 quale
657 3522 689 3580 in
704 3527 733 3579 te
749 3520 845 3580 dicam
860 3520 970 3582 bonum

269 3603 400 3665 dntehao
415 3604 521 3678 luisse,
537 3604 612 3664 tales
626 3622 694 3664 cum
709 3605 770 3663 sint
784 3603 946 3684 reliquiae?

310 3686 372 3748 Hoc
386 3705 445 3768 quo
457 3689 621 3768 pertineat,
638 3688 731 3756 dicet,
747 3689 799 3767 qui
814 3707 861 3750 me
875 3691 1003 3752 noverit.
