2975 4234
624 402 732 458 LIBER
752 402 800 459 III.

563 569 756 629 FABVLA
776 570 872 629 XVII.

389 666 585 720 monna
602 667 652 719 ΙΝ
667 667 850 719 DEORVM
866 667 1043 723 nume.

278 751 370 822 Olim,
386 771 460 834 quas
473 753 582 814 vellent
597 771 661 814 esse
677 755 708 814 in
723 753 815 813 tutela
830 772 892 823 sua,

235 836 302 898 nivi
316 838 454 916 legerunt
470 837 602 898 arbores.
634 836 767 907 Quercus
781 837 843 898 lovi

235 919 273 982 Et
287 929 401 1003 myrtus
414 923 524 983 Veneri
540 922 666 1001 placuit,
682 920 803 982 Phoebo
818 922 928 994 laurea,

235 1004 327 1067 Pinus
342 1005 493 1086 Cybebae,
510 1007 637 1086 populus
651 1006 728 1066 celsa
744 1005 877 1066 Herculi.

235 1089 366 1151 MInerva
381 1091 544 1160 admirans,
561 1108 652 1170 quare
668 1090 786 1150 steriles
800 1098 962 1160 sumerent,
1177 1101 1195 1154 o

234 1173 442 1252 Interrogavit.
472 1174 596 1236 Causam
612 1175 687 1234 dixit
700 1175 850 1254 luppiter:

235 1258 384 1320 Honorem
397 1259 496 1319 lructu
511 1277 548 1319 ne
563 1259 716 1319 uldeamur
730 1259 870 1320 vendero.

235 1350 286 1412 nt,
303 1342 502 1413 mehercules,
518 1343 653 1404 narrabit
666 1343 746 1422 quod
760 1346 828 1422 quis
841 1344 977 1415 voluerit,

235 1426 318 1488 Oliva
333 1426 421 1487 nobis
435 1435 557 1506 propter
571 1428 701 1488 fructum
716 1437 762 1488 cst
776 1429 899 1505 gratior.

235 1509 320 1572 'Iunc
334 1513 378 1571 sic
393 1510 516 1571 deorum
531 1514 649 1589 genitor
664 1520 752 1591 atquc
767 1512 920 1572 hominum
936 1521 1028 1574 sator:
1162 1522 1195 1573 10

236 1595 260 1657 0
275 1602 359 1665 nata,
375 1597 483 1655 merito
498 1597 618 1674 sapiens
633 1596 733 1655 dicere
748 1595 901 1656 omnibus!

235 1678 300 1740 Nisi
314 1679 387 1740 utile
402 1685 448 1739 est
462 1679 540 1758 quod
554 1681 694 1749 iacimus,
710 1679 799 1740 stulta
814 1687 861 1740 est
874 1680 978 1758 gloria.

277 1762 359 1824 Nlbil
375 1780 463 1840 agere
479 1763 557 1842 quod
572 1782 630 1823 non
645 1766 742 1842 prosit
756 1762 864 1825 labella
879 1763 1027 1827 admonet.

256 1964 258 1968 ,
553 1899 744 1958 FABVLA
766 1899 877 1960 XVIII.

351 1998 467 2049 Pavo
483 1997 542 2048 AD
559 1997 762 2048 mommio
778 1998 836 2048 Dm
853 1998 966 2050 VOGE
984 1998 1076 2054 SVA·

276 2083 354 2145 Pauo
369 2084 406 2144 ad
419 2083 561 2144 Iunonem
576 2085 658 2144 venit
671 2083 793 2160 indIgne
808 2084 919 2154 serens,

236 2167 344 2228 Cautus
358 2167 477 2228 luscinii
492 2167 571 2248 quod
585 2167 644 2228 sibi
659 2185 719 2228 non
735 2166 892 2238 tribuerit;

237 2251 321 2312 Illum
337 2269 401 2313 esse
416 2254 531 2313 cunctis
544 2251 648 2312 avibus
662 2251 878 2322 admirabilem,

236 2334 275 2396 Se
288 2335 434 2407 derideri,
451 2336 538 2397 simul
554 2355 588 2396 ac
602 2354 703 2396 vocem
719 2338 845 2396 miserit.

236 2417 320 2481 Tunc
335 2419 503 2481 consolandi
519 2424 614 2498 gratia
630 2421 705 2481 dixIt
719 2421 789 2481 deae

236 2503 295 2564 Sed
310 2505 405 2564 forma
421 2506 530 2574 vincis,
546 2507 640 2564 vincis
655 2505 876 2582 magnitudine:

237 2588 323 2649 Nitor
338 2588 486 2666 smaragdi
501 2588 575 2648 collo
590 2589 757 2667 praefulget
772 2598 823 2648 tuo

236 2671 387 2752 Pictisque
401 2672 509 2752 plumis
523 2689 687 2750 gemmeam
703 2673 826 2732 caudam
842 2672 981 2751 explicas
1075 2728 1077 2732 .

235 2755 299 2827 Quo
314 2759 371 2826 mi,
387 2759 498 2836 inquit,
514 2767 624 2816 mutam
640 2758 785 2835 speciem,
801 2758 826 2817 si
841 2759 944 2817 vincor
958 2757 1050 2819 sonol

237 2841 376 2902 Fatorum
392 2841 517 2903 arbitrio
532 2848 633 2920 partes
647 2848 716 2900 sunt
729 2839 814 2901 vobis
828 2842 928 2902 datae:
1160 2849 1194 2902 10

236 2922 307 2985 I‘ibi
322 2925 430 2996 forma,
446 2927 525 2985 vires
540 2924 669 3004 aquilae,
686 2925 812 2986 luscinio
826 2926 929 2996 melos,

236 3011 400 3086 Augurium
415 3027 517 3078 corvo,
533 3009 615 3070 laeva
630 3012 743 3070 cornici
759 3012 867 3080 omina,

237 3092 405 3172 Omnesque
420 3095 549 3172 propriis
564 3101 633 3154 sunt
646 3101 800 3156 contentae
815 3094 945 3156 dotibus.

278 3175 344 3237 Noli
360 3177 509 3238 adfectare
524 3177 603 3256 quod
618 3176 673 3237 tibi
689 3196 747 3239 non
763 3186 809 3239 est
823 3179 933 3248 datum,

236 3259 343 3322 Delusa
357 3279 395 3321 ne
410 3279 478 3340 spes
493 3261 530 3322 ad
544 3261 693 3342 querelam
709 3263 831 3323 recidat.

568 3397 759 3460 FABVLA
780 3399 860 3459 XIX.

373 3493 561 3547 Amsows
577 3494 827 3549 Rmsmrmmu
845 3497 1059 3554 amm.

279 3580 411 3659 Aesopus
425 3581 544 3641 domino
559 3581 638 3642 solus
652 3599 720 3643 cum
735 3592 814 3643 esset
827 3583 950 3654 familia,

238 3661 347 3724 Parare
362 3683 466 3726 cenam
481 3667 581 3727 iussos
595 3673 642 3726 est
655 3667 814 3730 maturius.
