2975 4234
260 376 302 442 46
405 350 407 356 ’
536 381 696 438 ananum
715 380 938 438 runvnnavu

615 548 805 609 FABVLA
825 548 866 608 Π.

511 643 724 699 malorena
740 646 796 697 M·
812 645 964 700 LM'BO.
1078 649 1080 653 ⁴

303 730 367 793 Duo
381 749 449 792 oum
462 731 640 792 incidissent
653 733 685 792 in
699 731 845 792 latronem
858 731 978 802 milites,

262 815 342 877 Vnus
357 817 502 895 profugit,
518 816 595 876 alter
609 823 707 876 autem
720 817 834 876 restitit

262 900 301 961 Et
313 899 472 960 vindicavit
484 917 550 961 sesa
564 900 635 961 lorti
649 899 780 960 dextera.

262 984 390 1045 Latrone
404 985 502 1044 occiso
515 983 638 1044 timidus
652 985 784 1044 accurrit
796 1002 896 1045 eomes

263 1067 446 1147 Stringitque
460 1067 606 1146 gladium,
621 1067 691 1128 dein
705 1069 817 1128 reiecta
831 1067 970 1147 paenula:

262 1151 356 1222 Cedo,
372 1153 482 1230 inquit,
498 1151 597 1222 illum;
611 1153 672 1212 iam
690 1149 801 1213 curabo
814 1153 932 1221 sentiat,

262 1235 341 1306 Quos
355 1235 545 1316 attemptarit.
574 1234 672 1305 Tune,
687 1237 739 1314 qui
755 1235 990 1314 depugnaverat:

261 1319 373 1380 Vellem
386 1321 451 1381 istis
464 1317 564 1380 verbis
578 1320 683 1380 saltem
697 1319 860 1380 adiuvisses
874 1318 977 1389 modo:

263 1404 449 1465 Constantior
462 1405 586 1464 luissem
599 1421 669 1464 vera
684 1404 865 1467 existimans.

183 1525 188 1541 «
263 1487 347 1549 Nune
361 1488 454 1549 eonde
468 1489 582 1548 lerrum
596 1494 626 1548 et
638 1487 771 1564 linguam
784 1489 899 1567 pariter
912 1486 1037 1558 sutilem,

262 1572 299 1633 Vt
312 1574 409 1652 possis
423 1571 496 1632 alios
509 1573 681 1650 ignorantes
694 1571 810 1633 fallere.

262 1655 339 1734 ligo,
354 1657 406 1736 qui
421 1674 487 1717 sum
501 1663 655 1735 expertus,
670 1657 789 1735 quantis
801 1656 900 1733 iugias
912 1653 1036 1724 virilius,

263 1739 346 1810 Scio,
361 1759 449 1820 quam
463 1741 566 1800 virtuti
580 1757 640 1800 non
654 1741 693 1799 sit
706 1739 888 1800 eredendum
902 1745 981 1800 tuae.

304 1823 350 1884 llli
365 1824 514 1901 adsignari
529 1822 618 1885 debet
631 1822 704 1883 haee
718 1825 859 1894 narratio,

262 1905 320 1978 Qui
332 1925 367 1969 re
381 1906 510 1968 secunda
524 1907 610 1968 lortis
625 1915 685 1975 est,
702 1906 792 1969 dubia
806 1908 904 1986 lugax.

604 2041 795 2102 FABVLA
819 2043 876 2104 111.

508 2138 693 2192 GALVVS
717 2140 779 2191 E'l'
804 2141 973 2195 MVSGA.

304 2225 385 2288 Calvi
399 2225 558 2286 momordit
572 2243 671 2286 musca
686 2226 828 2286 nudatum
843 2233 946 2305 caput:

264 2309 358 2381 Quam
372 2311 541 2390 opprimere
555 2315 676 2387 captans
690 2309 804 2388 alapam
818 2308 876 2370 sihi
891 2309 975 2370 duxit
989 2325 1115 2386 gravem

263 2393 348 2455 Tune
362 2393 413 2454 illa
427 2393 577 2454 inridens:
606 2391 751 2453 Punctum
765 2393 892 2453 volueris
905 2392 1044 2472 parvulae

263 2477 391 2539 Voluisti
404 2483 500 2538 morte
515 2476 636 2546 ulcisci:
651 2477 722 2556 quid
736 2477 829 2537 iacies
842 2475 908 2547 tibi,

264 2561 394 2622 lniuriae
408 2562 460 2640 qud
475 2560 625 2621 addideris
639 2561 865 2622 contumeliam!

263 2644 441 2724 Respondit:
470 2643 585 2704 lleoum
599 2644 688 2705 laeile
702 2645 793 2705 redeo
807 2647 839 2706 in
853 2646 985 2723 gratiam,

263 2727 339 2799 Quia
353 2747 412 2789 non
427 2729 520 2789 luisse
535 2735 664 2788 mentem
679 2729 816 2789 laedendi
831 2730 902 2789 scio.

265 2813 324 2874 Sed
338 2819 384 2882 ts,
399 2813 562 2890 contempti
576 2814 696 2888 generis
711 2813 821 2874 animal
835 2812 1004 2893 inprobum,

264 2894 345 2967 Quae
360 2895 517 2957 delectaris
531 2894 637 2955 hibere
651 2896 813 2956 humanum
828 2899 1009 2975 sangulnem,

264 2980 370 3062 Optem
383 2997 491 3041 necare
506 2979 552 3038 vel
566 2981 678 3038 maiore
692 2980 888 3041 incommodo.
1186 2984 1224 3041 ll)

305 3064 368 3125 lloe
381 3070 588 3141 argumentum
602 3065 688 3123 venia
702 3063 807 3125 donari
823 3065 917 3135 docet,

264 3146 321 3218 Qui
335 3166 404 3210 casu
418 3155 531 3227 peccat.
560 3146 635 3208 Nam
649 3149 701 3227 qui
716 3147 841 3209 consilio
855 3158 901 3208 est
915 3165 1034 3220 nocens,

264 3230 349 3293 lllum
364 3249 429 3293 esse
444 3233 548 3310 quavis
562 3230 683 3308 dignum
697 3250 793 3312 poena
807 3233 917 3294 iudico.

596 3355 798 3428 'FABVLA
823 3367 877 3427 IV.

493 3463 646 3515 nsnvvs
663 3464 719 3515 nu
735 3463 992 3518 roncnmvs.

306 3547 432 3619 Quidam
446 3550 617 3610 inmolasset
630 3565 749 3609 verrem
763 3568 831 3611 oum
845 3560 946 3611 sancto
961 3549 1094 3629 Herculi,

265 3633 320 3697 Cui
334 3651 389 3711 pro
404 3632 498 3694 salute
507 3641 606 3694 votum
621 3632 750 3694 debebat
764 3652 827 3704 sua,
