2975 4234
659 393 768 449 LIBER
787 393 837 451 ΙΙΙ,
1187 389 1230 456 23

270 545 345 608 Nam
360 551 391 606 et
404 542 457 606 ubi
471 542 639 605 tricandum
654 550 685 604 et
698 542 752 604 ubi
767 543 949 606 currendum
963 545 1003 606 sit
1016 546 1080 606 sein

312 629 374 691 Hae
388 627 520 690 derideri
534 626 634 690 fabula
648 630 757 689 merito
771 636 878 708 potest,
1136 648 1138 652 ·
1198 635 1231 688 10

270 712 407 785 Quisine
422 715 530 775 vbtute
544 730 634 774 vanas
648 721 769 773 exercet
782 715 888 774 minas
992 767 997 776 .

607 866 801 926 FABVLA
821 866 890 926 VII.

525 963 682 1016 vavs
707 965 771 1016 AD
797 964 973 1018 ΟΔΝΕΜ.

312 1051 406 1123 Quam
421 1049 516 1112 duleis
530 1053 569 1112 sit
583 1049 721 1120 libertas,
737 1049 868 1110 breviter
881 1049 1052 1130 proloquar.

271 1137 345 1201 cani
359 1142 499 1216 perpasto
513 1137 608 1196 macie
623 1135 777 1195 coniectus
790 1135 878 1214 lupus

271 1221 361 1283 Forte
376 1222 554 1281 occucurrit.
584 1218 660 1280 Dein
675 1219 835 1280 salutatum
850 1221 978 1280 invicem

271 1305 308 1367 Vt
321 1306 509 1366 restiterunt:
539 1304 622 1364 Vnde
637 1307 696 1374 sie,
712 1322 837 1383 quaeso,
853 1304 951 1364 nites?

271 1390 330 1450 Aut
343 1407 402 1469 quo
416 1388 483 1448 elbo
497 1389 596 1449 fecisti
611 1396 725 1450 tantum
740 1388 895 1468 corporis?

185 1462 193 1481 ¹
271 1474 349 1551 Ego,
366 1474 418 1554 qui
433 1491 499 1534 sum
513 1473 599 1551 lenge
614 1474 736 1543 fortior,
753 1491 845 1552 pereo
863 1474 952 1533 fame.

271 1557 360 1619 Canis
374 1557 565 1636 eImpliciter:
594 1556 706 1618 Eadem
720 1564 766 1617 est
781 1556 915 1617 condicio
929 1555 996 1626 tibi,

271 1642 427 1702 Praestare
442 1641 562 1702 domino
575 1642 602 1701 ei
616 1658 671 1720 par
685 1641 817 1702 efficium
830 1648 925 1720 potes.

271 1720 375 1790 Quadi
395 1727 493 1805 iuquit
507 1724 567 1785 ille.
599 1723 704 1786 Custos
718 1732 752 1785 ut
766 1728 808 1786 sis
822 1725 944 1794 uminis,

271 1815 296 1872 A
309 1809 426 1872 iurIbus
441 1811 554 1870 tuearis
568 1816 599 1870 et
612 1818 703 1871 noctu
718 1810 848 1870 domum.

271 1894 333 1973 Ego
348 1913 419 1955 vero
434 1912 499 1955 sum
513 1901 649 1973 paratust
671 1912 751 1954 nunc
766 1896 866 1973 patior
878 1895 962 1954 nives

271 1978 445 2059 Imbresque
460 1980 494 2039 iu
510 1978 591 2039 silvis
605 1996 740 2057 asperam
755 1983 846 2040 vitam
860 1977 996 2038 trahens:

270 2063 386 2134 Quanto
401 2071 447 2124 est
461 2062 578 2124 facilius
593 2063 667 2123 mihi
684 2062 738 2123 sub
754 2070 833 2123 tecto
847 2064 956 2131 vivere,

271 2148 309 2208 Et
323 2149 450 2208 otiosum
464 2146 547 2225 largo
562 2149 663 2207 satiari
679 2146 765 2208 cibo?

272 2231 346 2292 Veni
361 2249 432 2310 ergo
446 2250 572 2293 mecum.
603 2231 678 2294 Dum
692 2232 872 2311 procedunt,
887 2231 996 2310 aspicit
1199 2236 1230 2286 15

271 2316 372 2394 Lupus
387 2333 405 2375 a
420 2324 524 2376 eatena
539 2316 645 2377 collum
661 2316 804 2377 detritum
818 2317 895 2377 cani.

271 2398 353 2460 Vnde
368 2398 439 2468 hoe,
456 2400 567 2460 amirei
597 2400 679 2461 Nihil
694 2408 750 2461 est.
779 2401 848 2470 bic,
864 2418 990 2480 quaeso.
1008 2413 1116 2458 tamen.

271 2481 346 2553 Ouia
360 2483 463 2543 videor
477 2501 560 2552 acer,
577 2484 696 2562 alligant
710 2503 758 2545 me
773 2484 913 2553 interdiu,

272 2566 351 2629 Luce
366 2574 400 2628 ut
416 2569 569 2646 quiescam
585 2576 614 2627 et
628 2569 764 2645 vigilem,
779 2586 839 2628 nox
854 2586 920 2627 eum
935 2568 1066 2627 venerit:

270 2651 451 2731 Crepusculo
466 2651 593 2721 solutus,
609 2670 666 2730 qua
681 2655 778 2712 visum
793 2658 852 2720 est,
867 2668 967 2733 vager.
1196 2655 1231 2706 20

270 2736 410 2797 adfertur
424 2735 503 2796 ultro
517 2737 617 2814 panis;
633 2735 670 2795 de
685 2753 787 2796 mensa
801 2754 854 2797 sua

270 2819 327 2880 Dat
340 2838 407 2880 ossa
422 2819 575 2890 dominum
589 2821 684 2880 frusta
699 2822 810 2881 iactant
824 2819 936 2880 familia

270 2902 321 2974 Et,
337 2904 415 2984 quod
429 2904 545 2966 fastidit
559 2906 699 2983 quisque,
714 2904 955 2984 pulmentarium.

272 2987 322 3048 Sie
337 2990 401 3048 sine
416 2987 518 3049 labore
532 2996 637 3048 venter
651 2988 782 3068 inpletur
795 3007 889 3051 meus.

270 3073 347 3149 Age,
362 3071 446 3133 abire
461 3075 546 3152 siquo
561 3080 607 3132 est
622 3076 753 3142 animus,
769 3081 815 3134 est
829 3072 969 3134 licentiai
1195 3077 1230 3128 ab

270 3155 333 3216 Non
348 3155 435 3235 plane
450 3163 510 3227 est,
526 3158 635 3236 inquit.
665 3157 794 3226 Fruere,
809 3175 885 3236 quae
900 3156 1018 3228 laudas,
1034 3156 1134 3218 eanis:

270 3238 405 3318 Regnare
420 3241 504 3310 noio,
519 3239 598 3302 liber
613 3249 719 3301 utnon
734 3243 791 3301 sim
805 3240 888 3302 mibi.

600 3394 791 3454 FABVLA
812 3394 898 3454 VIII.

548 3491 686 3544 SOROR
701 3493 757 3543 ΕΤ
774 3492 956 3546 FRATER.

312 3575 475 3656 Praecepto
489 3580 618 3638 monitus
633 3596 721 3656 saepe
738 3584 769 3638 te
784 3578 949 3639 considera.

271 3658 406 3722 Habebat
419 3661 540 3742 quidam
554 3661 643 3723 iiliam
658 3664 868 3743 turpissImam
