2975 4234
637 399 746 454 LIBER
764 399 801 456 V.

527 681 670 744 LIBER
693 682 913 754 QVINTVS.

578 817 688 867 mmm
705 800 856 868 rodun.

281 918 389 998 liesopi
403 935 510 980 nomen
525 918 623 980 sicubi
637 922 857 998 interposuero,

161 1053 164 1060 .
239 1003 293 1065 Cui
307 1003 426 1064 reddidi
440 1005 499 1064 iam
514 1004 631 1082 pridem
646 1005 786 1083 quioquid
801 1002 902 1072 debui,

238 1088 430 1148 Auctoritatis
444 1105 510 1148 esse
525 1089 600 1148 scito
615 1092 723 1165 gratia:

238 1169 275 1231 Vt
288 1171 409 1251 quidam
424 1172 552 1232 artifices
567 1179 668 1233 nostro
683 1173 796 1232 faciunt
810 1170 920 1240 seculo,

238 1254 296 1326 Qui
310 1257 440 1334 pretium
455 1255 595 1334 operibus
610 1258 705 1316 maius
720 1257 889 1325 inveniunt,
906 1271 980 1314 novo
1180 1261 1198 1313 5

239 1339 272 1400 Si
287 1341 428 1400 marmori
444 1340 666 1419 adscripserunt
679 1340 848 1400 Praxitelen
862 1356 926 1407 suo,
1286 1341 1291 1348 “

239 1422 324 1484 'l’rito
338 1423 490 1502 Myronem
504 1434 641 1502 argento,
658 1423 776 1484 tabulae
791 1423 960 1483 Zeuxidem.

240 1507 321 1569 Adeo
335 1508 450 1569 locatae
465 1508 532 1586 plus
546 1510 684 1568 vetustati
698 1509 776 1568 iavet

239 1591 352 1653 Invidia
366 1591 489 1651 mordax
504 1611 593 1670 quam
607 1591 694 1651 bonis
708 1590 927 1669 praesentibus

240 1675 300 1736 Sed
313 1677 374 1737 iam
388 1675 425 1736 ad
438 1675 576 1736 iabeMam
591 1675 659 1736 talis
674 1675 803 1754 exempli
817 1677 910 1736 leror.
1164 1679 1199 1735 10

596 1896 790 1956 FABVLA
813 1894 840 1956 1.

293 2010 542 2062 numerumve
559 2011 649 2062 anx
665 2012 721 2062 nn
738 2009 982 2061 mnununnn
998 1992 1146 2065 rodun.

366 2109 509 2174 Quomodo
527 2124 611 2178 saepo
627 2107 747 2162 fallatur
762 2107 907 2162 hominum
923 2105 1065 2162 indicium.

282 2230 464 2302 Demetrius,
481 2233 532 2311 qui
548 2231 646 2292 dictus
661 2239 707 2292 est
720 2231 889 2302 Phalereus,

242 2314 371 2376 Athenas
386 2318 540 2395 occupavit
553 2317 670 2395 inperio
685 2314 823 2395 inprobo.

241 2397 278 2459 Vt
291 2417 355 2459 mos
370 2406 415 2459 est
429 2399 522 2476 vulgi,
538 2404 649 2479 passim
665 2407 696 2461 et
710 2401 847 2460 certatim
861 2401 923 2460 ruit

241 2483 454 2555 ‚,Feliciter!“
469 2484 662 2545 succlamans.
692 2484 753 2562 lpsi
768 2486 921 2563 principes

240 2567 322 2628 Illam
338 2566 523 2637 osculantur,
539 2586 597 2646 qua
612 2576 680 2628 sunt
694 2569 844 2646 oppressi,
861 2584 990 2638 manum,
1180 2572 1199 2625 5

241 2651 342 2712 Tacite
357 2658 511 2728 gementes
525 2652 641 2712 tristem
655 2652 793 2711 fortunae
807 2652 913 2711 ricem.

241 2734 318 2806 Quin
334 2737 432 2796 etiam·
442 2734 555 2795 resides
571 2743 601 2795 et
616 2743 775 2814 sequentes
789 2735 891 2805 otium,

241 2819 286 2880 Ne
301 2819 431 2880 doluisse
446 2827 564 2890 noceat,
580 2828 690 2898 repunt
704 2819 818 2889 ultimi;

241 2903 275 2964 ln
290 2905 359 2982 quis
372 2903 548 2974 Menander,
563 2902 673 2964 nobilis
688 2903 861 2972 comoediis,

241 2986 320 3057 Quas
334 2989 431 3066 ipsum
447 2990 586 3065 ignorans
600 2988 713 3066 legerat
727 2987 895 3048 Demetrius

241 3071 279 3132 Et
294 3071 455 3131 admiratus
470 3073 568 3133 iuerat
581 3073 734 3149 ingenium
748 3074 816 3142 viri,

241 3155 397 3232 Vnguento
412 3155 577 3225 delibutus,
593 3158 701 3217 vestitu
716 3156 821 3225 fluens,

242 3237 386 3300 Veniebat
401 3255 505 3317 gressu
519 3240 644 3301 delicato
659 3248 689 3300 et
702 3239 854 3318 languido.

241 3323 326 3385 Hunc
341 3321 394 3383 ubi
407 3331 549 3403 tyrannus
563 3323 638 3385 vidit
653 3332 787 3385 extremo
802 3324 934 3401 agmine:

242 3404 383 3477 Quisnam
397 3407 538 3468 cinaedus
552 3408 603 3469 ille
618 3411 650 3468 in
665 3417 856 3487 conspectum
869 3424 968 3469 meum
1165 3410 1199 3465 lb

242 3491 337 3553 tuder
352 3492 472 3551 veniret
501 3491 728 3572 Responderunt
742 3494 884 3571 proximi:

243 3573 299 3634 Hie
314 3585 359 3637 est
373 3575 535 3636 Menander
549 3580 686 3656 scriptor.
716 3577 844 3636 Mutatus
859 3577 972 3638 statimt
1040 3584 1043 3592 '

243 3657 351 3730 Homo,
367 3661 479 3740 inquit,
495 3661 561 3722 fleri
576 3680 635 3722 non
650 3668 749 3742 potest
763 3662 938 3721 formosior.
