2975 4234
262 303 327 352 vm
459 292 507 349 Du
521 294 683 350 PHAEDRI
696 294 784 350 VITA
797 292 845 349 ET
863 291 1029 349 SORIP'HS.

262 445 294 503 in
309 444 355 503 eis
368 461 444 522 quae
463 445 618 506 codicibus
632 444 796 506 Pithoeanc
809 444 1009 523 Remensique
1025 449 1055 502 et
1068 440 1221 502 Perottlno

263 535 419 588 servantur
438 529 520 606 leges
533 532 675 591 metricae
691 529 727 590 ab
744 539 863 591 auctore
879 546 993 588 summa
1007 544 1075 587 cum
1090 525 1221 587 sollertia

262 609 436 674 observatae
451 614 538 694 plene
554 617 739 694 optinerent,
763 632 837 694 quas
851 614 921 673 ilico
935 615 996 673 iam
1009 626 1221 691 proponemus.

648 716 834 777 Breviarium

555 803 697 860 metricae
715 802 789 861 artis
808 799 936 859 Phaedri

392 878 443 963 [ex
462 883 534 945 libri
554 884 590 945 de
611 903 645 945 re
665 886 791 946 metrica
811 883 951 962 opusculo
971 878 1094 961 primo].

325 983 478 1046 Phaedrus
499 994 531 1045 ut
552 987 676 1065 inpuros
695 988 861 1055 trimetros,
881 1003 942 1045 nou
962 985 1078 1063 eosqui
1093 981 1221 1059 tragico·

262 1084 330 1128 rum
344 1068 476 1147 Augusto
491 1071 658 1149 aequalium
673 1071 837 1149 Catullique
858 1087 892 1130 ac
907 1067 1041 1129 Bibaculi
1061 1075 1091 1128 et
1104 1066 1221 1126 Horatii

263 1169 321 1212 usu
335 1153 565 1224 increbuerant,
589 1156 672 1233 operi
692 1153 862 1223 adhiberet,
891 1155 1073 1214 comicorum
1087 1159 1220 1210 veterum

263 1236 408 1298 adductus
430 1255 494 1298 esse
514 1246 612 1317 potest
626 1240 720 1300 videri
736 1237 882 1317 exemplo.
919 1238 956 1298 lli
971 1239 1052 1297 enim
1065 1269 1109 1283 —-
1122 1252 1220 1313 gram·

263 1323 440 1382 maticorum
459 1321 634 1383 Latinorum
656 1323 774 1402 placitis
795 1326 820 1383 si
842 1322 941 1382 credis
959 1353 1002 1367 -
1027 1327 1061 1381 ut
1082 1337 1158 1399 quae
1178 1318 1219 1378 lo·

263 1414 397 1484 quuntur
417 1417 534 1485 sumpta
554 1407 590 1466 de
610 1409 670 1468 vita
689 1416 777 1487 putes
798 1409 904 1468 vitiant
925 1404 1056 1466 iambum
1076 1401 1220 1464 tractibus

264 1490 443 1569 spondiacis.
471 1490 649 1570 Plerumque
664 1500 763 1552 tarnen
779 1491 884 1552 dubito
899 1509 936 1550 an
952 1490 1020 1569 Syri
1038 1491 1137 1567 potius
1152 1504 1219 1547 sen·

263 1577 425 1635 teutiarum
444 1582 596 1654 quactum
611 1579 738 1636 maxime
760 1579 791 1636 in
807 1593 858 1636 ore
880 1582 966 1635 erant
979 1575 1145 1642 hominum,
1169 1588 1220 1631 au·

264 1660 400 1719 ctoritate
420 1659 571 1739 inpulsum
586 1661 713 1720 eundem
727 1670 845 1739 putem,
862 1667 896 1720 ut
911 1659 1006 1719 simile
1022 1675 1116 1735 genus
1130 1654 1220 1716 metri

264 1744 296 1802 iu
317 1745 441 1804 materia
462 1743 540 1804 haud
562 1745 604 1803 ita
629 1745 746 1804 diversa
768 1743 934 1805 adhiberet.
981 1742 1039 1803 Sed
1060 1750 1220 1819 utcumque

264 1844 314 1887 res
327 1826 433 1896 habet,
456 1845 561 1905 magna
576 1836 657 1888 certe
673 1846 740 1889 cum
761 1847 832 1889 cura
853 1827 990 1906 expolitis
1004 1829 1098 1886 utitur
1111 1823 1221 1886 iambis

264 1910 345 1971 idem
365 1919 395 1971 et
416 1913 467 1990 qni
488 1930 504 1972 a
521 1911 619 1972 Plauti
639 1921 669 1972 et
685 1912 819 1973 Terentii
842 1913 960 1990 placitIs
980 1911 1140 1990 plurimum
1163 1909 1220 1968 dil·

265 1995 375 2056 lerant.
419 1995 493 2055 Nam
515 2003 545 2056 et
564 1996 620 2057 hoc
635 1999 746 2057 acriter
768 1999 884 2072 vitavit,
910 2013 948 2055 ne
969 2013 1073 2055 versus
1095 1995 1220 2054 nimium

265 2087 460 2157 gravarentur
475 2097 565 2140 onere
581 2081 794 2159 spondeorum‚
817 2098 891 2160 quos
905 2079 1014 2140 iambis
1028 2077 1153 2156 aliisque
1167 2095 1220 2156 pe·

265 2161 353 2224 dibus
379 2164 576 2243 frequentatis
600 2165 764 2243 prudenter
788 2166 981 2243 temperarit,
1018 2171 1048 2223 et
1072 2165 1220 2240 insignem

265 2249 345 2309 clrca
366 2247 519 2308 solvendas
540 2250 616 2309 arsis
630 2250 677 2310 vol
694 2249 786 2310 thesis
800 2266 856 2309 nec
870 2250 969 2308 minus
984 2249 1065 2308 circa
1080 2248 1221 2308 elisiones

266 2339 296 2392 at
310 2333 460 2411 synizeses
475 2330 611 2392 adhibuit
626 2333 821 2410 diligentiam.

328 2415 430 2496 ltaque
450 2434 506 2495 per
526 2434 628 2476 omnes
647 2425 747 2496 partes
762 2418 848 2478 metri
871 2423 993 2496 excepta
1010 2417 1114 2478 ultima
1132 2431 1220 2494 spon·

266 2500 331 2561 deis
351 2507 382 2560 et
402 2499 510 2560 iambis
524 2503 712 2579 promiscuus
732 2519 804 2562 usus
825 2500 922 2571 adest,
946 2519 979 2561 ea
994 2509 1093 2561 tamen
1107 2499 1173 2576 lege
1188 2505 1222 2558 ut

266 2586 369 2664 quinto
383 2583 459 2663 pede
474 2587 573 2663 potior
587 2587 627 2646 sit
641 2586 800 2664 spondeus.
844 2584 955 2645 'lamen
976 2593 1007 2644 et
1026 2584 1069 2645 ihi
1090 2584 1221 2644 admitti·

265 2676 315 2728 tur
329 2667 446 2728 iambus
460 2671 485 2728 si
501 2671 679 2730 terminetur
698 2688 802 2741 versus
824 2667 965 2730 vocabulo
980 2669 1047 2747 plus
1063 2685 1151 2748 quam
1166 2667 1221 2727 tri·

265 2751 376 2831 syllabo
390 2751 524 2813 velutita
1199 2781 1202 2786 ·

466 2854 555 2897 ranae
570 2844 709 2914 vagantes
722 2837 828 2898 liberis
842 2837 1010 2916 paludibus.

264 2936 299 2998 In
314 2937 389 2998 banc
404 2939 491 2998 etIam
507 2938 658 2998 licentiam
672 2955 845 2999 concessere
859 2957 974 3007 versus,
990 2939 1021 2998 in
1036 2937 1146 3017 quibus
1161 2958 1222 3000 am·

265 3020 447 3100 pbibracbus
467 3022 513 3082 vel
535 3023 661 3083 creticus
680 3041 748 3083 cum
768 3022 968 3101 monosyllabo
987 3024 1161 3102 insequente
1176 3023 1223 3086 vel

265 3105 462 3185 praecedente
477 3106 645 3166 coalescunt
659 3107 690 3166 iu
706 3125 814 3167 unum:

350 3239 353 3245 .
392 3190 455 3260 cdi,
478 3192 591 3270 inquit,
607 3191 691 3252 illum
706 3193 777 3270 quia
791 3190 876 3250 malis
892 3193 1004 3251 amicus
1018 3199 1073 3252 est.

391 3275 508 3353 trepide
524 3293 703 3335 concursans
718 3283 860 3354 occupata
876 3276 906 3334 in
921 3277 991 3336 otio.

265 3372 358 3434 Recte
374 3375 463 3435 etiam
478 3377 509 3435 in
524 3377 582 3436 line
602 3376 756 3456 copulatur
771 3375 929 3436 trochaeus
943 3395 1011 3437 cum
1026 3377 1152 3436 cretico:

392 3460 474 3519 canis
487 3462 658 3538 parturiens
672 3478 739 3520 curu
754 3468 888 3537 rogasset
902 3459 1035 3522 alteram.

266 3557 324 3619 Sed
339 3561 462 3620 mInime
477 3559 548 3620 licet
562 3563 698 3639 quimum
712 3561 819 3640 pedem
834 3562 980 3622 contineri
994 3560 1086 3621 verbo
1101 3561 1133 3620 in
1146 3562 1219 3622 iom-
