2975 4234
268 362 310 427 24
544 365 705 422 PHAEDRI
725 364 949 420 FABVLARVM

267 517 408 597 Idemque
422 517 571 594 insignem
586 515 709 595 pulchra
724 516 800 576 lacie
814 515 917 576 lilium.

267 601 319 672 lli,
336 601 488 680 speculum
503 603 534 660 in
550 599 690 660 cathedra
705 601 811 660 matris
824 607 858 660 ut
872 602 1002 678 positum
1016 601 1081 670 tut

266 685 427 747 Pueriliter
441 684 576 745 ludentes
590 682 667 745 sorte
682 685 886 761 inspexerunt.

255 769 323 830 -Hic
339 788 370 830 se
385 771 547 831 formosum
562 771 665 829 iactat:
689 767 738 827 illa
754 769 893 829 irascitur

266 853 328 916 Nec
342 854 497 932 gloriantis
512 855 639 913 sustinet
653 853 756 913 fratris
770 854 861 922 iocos,

266 939 424 1017 decipiens
438 939 547 1018 quippe
562 944 668 999 cuncta
682 938 715 997 in
730 937 949 999 contumeliam.

265 1021 344 1100 Ergo
359 1023 396 1083 ad
410 1030 526 1102 patrem
541 1021 674 1082 decurrit
688 1022 806 1082 laesura
820 1023 947 1082 invicem
1023 1072 1026 1078 .

265 1107 429 1186 Magnaque
444 1106 557 1167 invidia
572 1108 746 1166 criminatur
759 1105 863 1176 fllium,

265 1192 318 1251 Vir
332 1199 420 1252 natus
434 1190 513 1270 quod
527 1195 592 1251 rein
606 1191 785 1251 feminarum
800 1191 944 1267 tetigerit.

265 1275 424 1355 Amplexus
438 1275 486 1336 ille
502 1282 661 1354 utrumque
677 1283 707 1336 et
721 1292 848 1354 carpens
863 1273 962 1335 oscula

265 1360 447 1439 Dulcemque
462 1360 494 1419 in
510 1359 612 1420 ambos
626 1361 783 1419 caritatem
797 1360 945 1438 partiens:

265 1443 418 1514 Quotidie,
434 1445 546 1522 inquit,
562 1443 682 1522 speculo
697 1462 750 1503 ros
763 1444 807 1503 uti
820 1442 900 1502 volo:

265 1527 310 1588 'l'u
325 1529 450 1588 iormam
464 1546 502 1588 ne
517 1545 691 1606 corrumpas
705 1529 856 1606 nequitiae
870 1527 974 1597 malis;

266 1611 312 1672 'l'u
326 1613 433 1673 faciem
448 1619 481 1673 ut
496 1613 583 1673 istam
598 1611 731 1672 moribus
745 1614 847 1671 vincas
861 1609 957 1672 bonis.

610 1764 803 1824 FABVLA
824 1763 878 1824 IX.

504 1861 718 1914 SOORM'ES
735 1863 794 1912 AD
811 1861 980 1915 AMIOOS.

307 1949 432 2028 Vulgare
448 1949 535 2009 amici
551 1966 674 2018 nomen,
690 1948 743 2008 sed
758 1966 826 2008 rara
841 1955 888 2009 est
900 1948 982 2008 tides.

264 2034 338 2096 Cum
352 2051 458 2113 parvas
473 2033 562 2093 aedes
576 2031 633 2093 sibi
648 2033 803 2094 fundasset
818 2031 964 2101 Socrates,

265 2116 365 2197 (Cuius
379 2135 438 2178 non
452 2117 535 2194 lugio
550 2127 691 2192 mortem,
709 2119 735 2178 si
750 2119 859 2178 lamam
873 2116 1030 2196 adsequar,

263 2201 302 2262 Et
316 2201 389 2263 cedo
403 2201 547 2269 invidiae,
564 2201 723 2262 dummodo
738 2201 874 2262 absolvar
888 2200 983 2280 cinis)

264 2286 306 2347 Ex
322 2285 431 2366 populo
445 2287 489 2346 sic
502 2286 602 2346 nescio
617 2287 699 2365 quis,
714 2293 750 2346 ut
762 2287 834 2346 fieri
849 2285 939 2346 solet:

264 2368 395 2440 Quaeso,
410 2377 470 2430 tam
485 2377 637 2447 angustam
653 2370 721 2430 telis
736 2372 783 2429 vir
796 2371 884 2448 ponis
898 2369 1035 2430 domnini

264 2453 396 2525 Vtinam,
411 2455 525 2533 lnquit,
541 2457 621 2515 veris
635 2455 712 2514 hanc
727 2455 833 2514 amicis
848 2453 992 2532 inpleaml

622 2607 813 2700 roenna
833 2607 871 2666 x.

691 2705 843 2758 PouuA.

306 2789 510 2850 Periculosum
524 2797 571 2850 est
585 2791 707 2852 credere
723 2799 754 2851 et
768 2810 826 2850 non
841 2791 976 2851 credere.

264 2873 425 2954 Vtriusque
441 2874 608 2953 exemplum
623 2875 756 2936 breviter
771 2892 915 2953 exponam
929 2877 985 2935 rei.

306 2957 481 3038 Hippolytus
496 2957 587 3028 obiit,
603 2961 673 3038 quia
687 2976 832 3019 novercae
848 2960 995 3020 creditum
1010 2967 1070 3030 est:

264 3041 445 3104 Cassandrae
460 3044 603 3122 quianon
617 3044 778 3113 creditum,
793 3045 855 3105 ruit
868 3043 965 3104 llium.

264 3125 343 3204 Ergo
357 3125 536 3206 exploranda
550 3134 595 3188 est
609 3130 719 3188 veritas
733 3127 873 3198 multum,
888 3130 973 3208 prius

265 3208 358 3281 Quam
373 3211 461 3271 stulta
476 3229 566 3292 prava
581 3211 694 3273 iudicet
713 3214 868 3273 sententia.

266 3293 323 3354 Sed
338 3293 501 3356 fabulosam
515 3313 553 3355 ne
568 3303 745 3357 vetustatem
763 3296 869 3363 eleves,

265 3377 399 3439 Narrabo
414 3378 469 3439 tibi
483 3382 626 3440 memoria
641 3379 720 3459 quod
734 3380 845 3440 iactum
860 3387 906 3440 est
919 3399 994 3442 mea.

307 3463 431 3524 Maritus
444 3464 563 3543 quidam
579 3482 646 3524 cum
662 3464 801 3541 diligeret
815 3467 970 3543 coniugem

265 3545 434 3627 Togamque
449 3564 553 3626 puram
568 3547 625 3608 iam
640 3556 760 3627 pararet
774 3548 843 3618 filio,

265 3629 412 3692 Seductus
423 3632 455 3691 in
470 3639 618 3692 secretum
633 3651 650 3693 a
664 3631 772 3694 liberto
787 3643 832 3695 est
846 3652 909 3703 suo,

1208 690 1228 744 ὃ
