2975 4234
647 409 755 468 LIBER
775 413 822 471 IV.

603 647 794 708 FABVLA
816 649 869 709 XI.

511 779 609 831 ΠΒ
636 781 695 831 ΕΤ
721 775 960 834 ῙΝΟΕΒΝΑ.

296 913 462 977 Lucernam
476 916 526 976 lur
540 916 677 977 accendit
691 933 728 976 ex
742 935 793 978 ara
807 917 884 978 loris

255 998 411 1081 Ipsumque
427 1000 586 1081 conpilarit
600 1001 637 1062 ad
652 1002 754 1061 lumen
768 1018 864 1061 suum.
892 1054 896 1063 ,

254 1082 312 1155 Qui
327 1086 484 1163 sacrilegio
499 1093 622 1146 onustus
637 1102 705 1145 cum
720 1085 899 1155 discederet,

254 1169 388 1248 Repente
402 1187 505 1230 rocem
519 1177 619 1230 sancta
634 1171 716 1229 misit
730 1169 861 1246 Religio:

254 1253 397 1314 Malorum
412 1256 545 1334 quamvis
560 1255 617 1314 ista
631 1255 746 1314 luerint
760 1272 883 1315 munera

254 1337 385 1418 Mihique
400 1340 509 1408 inrisa,
525 1344 631 1398 utnon
646 1338 779 1399 oliendar
793 1338 920 1417 subripi,

255 1421 382 1491 Tamen,
397 1421 537 1492 sceleste,
554 1424 663 1501 spiritu
678 1424 796 1501 culpam
809 1422 883 1493 lues,

255 1507 333 1567 Olim
348 1524 415 1567 cum
430 1507 598 1585 adscriptus
612 1509 728 1567 venerit
742 1525 855 1584 poenae
871 1507 945 1568 dies.

255 1591 314 1651 Sed
329 1609 367 1651 ne
382 1593 461 1669 ignis
476 1598 578 1651 noster
592 1591 717 1650 facinori
731 1590 911 1669 praeluceat,

254 1675 312 1736 Per
326 1693 414 1754 quem
428 1675 573 1736 verendos
589 1674 696 1734 excolit
709 1677 807 1755 pietas
820 1675 900 1745 deos,

254 1759 327 1820 Veto
341 1778 406 1820 esse
416 1759 475 1820 tale
490 1759 610 1819 luminis
626 1760 848 1819 commercium.

254 1843 297 1905 lta
311 1843 400 1905 hodie
415 1862 471 1904 nec
485 1842 638 1904 lucernam
653 1843 689 1903 de
704 1843 822 1904 flamma
836 1843 924 1904 deum

254 1928 316 1989 Nec
331 1928 367 1988 de
382 1928 504 1989 lucerna
519 1929 563 1988 las
578 1935 624 1988 est
638 1927 760 1988 accendi
776 1946 903 1989 sacrum.

295 2011 372 2084 Quot
386 2031 436 2074 res
451 2015 601 2073 contineat
615 2012 671 2072 hoc
686 2020 892 2090 argumentum
907 2012 1005 2083 utiles,

254 2097 320 2158 Non
334 2096 496 2177 explicabit
510 2097 599 2167 alius,
615 2114 704 2175 quam
718 2098 771 2175 qui
785 2099 931 2175 repperit.

255 2182 407 2259 Significat
421 2183 519 2261 primo
534 2199 637 2260 saepe,
654 2199 728 2260 quos
743 2183 808 2259 ipse
823 2181 944 2251 alueris,

254 2265 324 2326 Tibi
338 2267 467 2326 inveniri
485 2267 612 2326 maxime
629 2268 809 2335 contrari0s;

255 2349 391 2410 Secundo
405 2350 535 2410 ostendit
549 2350 660 2411 scelera
675 2368 734 2410 non
749 2351 795 2410 ira
810 2350 907 2420 deum,

254 2434 395 2496 Fatorum
410 2433 489 2493 dicto
504 2434 556 2493 sed
571 2436 672 2512 puniri
687 2442 838 2513 tempore;

254 2517 420 2580 Novissime
436 2517 602 2587 interdicit,
618 2536 655 2577 ne
671 2536 738 2577 cum
753 2518 887 2578 malefico

254 2603 344 2664 Vsum
358 2601 456 2663 bonus
469 2604 620 2662 consociet
634 2600 725 2662 ullius
739 2604 796 2661 rei.

595 2819 787 2880 FABVLA
807 2820 876 2888 XII.

492 2953 635 3005 muns
652 2953 754 3004 ESSE
771 2952 973 3006 omme.

296 3091 375 3172 0pes
388 3092 501 3153 invisae
515 3093 623 3151 merito
638 3099 707 3151 sunt
721 3091 792 3150 forti
807 3093 882 3160 viro,

240 3175 328 3248 -Quia
343 3177 425 3237 dives
439 3194 509 3238 arca
523 3193 623 3236 reram
638 3174 756 3234 laudem
770 3176 935 3254 intercipit.

296 3261 384 3324 Caelo
398 3267 537 3339 receptus
551 3265 674 3338 propter
687 3261 831 3320 virtutem
845 3256 990 3319 Hercules

254 3346 328 3409 Cum
342 3345 524 3424 gratulantes
539 3343 750 3424 persalutasset
764 3343 845 3412 deos,

253 3429 396 3492 Veniente
411 3429 511 3498 Pluto,
527 3431 578 3508 qui
594 3428 742 3489 Fortunae
758 3435 804 3488 est
816 3427 905 3496 iilius,

253 3516 368 3576 Avertit
381 3514 491 3575 oculos.
522 3513 645 3574 Causam
659 3514 807 3591 quaesivit
820 3520 914 3590 pater.

255 3599 325 3669 Odi,
341 3600 453 3678 inquit,
470 3598 569 3668 illum,
585 3599 655 3677 quia
669 3597 757 3669 malis
771 3599 884 3657 amicus
897 3602 944 3655 est

255 3683 407 3764 Simulque
422 3681 538 3744 obiecto
553 3688 659 3742 cuncta
673 3682 843 3763 corrumpit
852 3679 956 3741 lucro,
983 3746 986 3750 ⁴
