2975 4234
264 403 307 470 64
436 407 598 464 PHAEDRI
618 407 842 463 FABVLARVM
862 405 1053 464 APPENDIX.

264 560 334 620 Arte
350 558 430 619 omni
445 559 586 638 princeps
600 559 680 620 iuter
695 556 834 637 aequales
848 558 902 618 fui.

264 643 309 703 En
324 642 445 703 cuncta!
466 642 570 703 levitas
584 644 681 720 putris
696 650 727 702 ot
740 641 832 702 volito
847 641 937 702 cinis!
1042 681 1044 685 -

265 726 311 787 Tu
325 728 376 807 qui
390 728 475 787 fuisti
489 725 586 787 mulus
600 725 782 795 clitellarius,

264 809 484 890 Quemcumque
499 811 595 871 risum
610 818 655 871 est
669 809 763 871 laedis
777 810 868 870 infixo
882 808 995 874 aculeo.

265 897 302 956 At
316 913 405 975 vespa
421 894 539 971 dignam
553 893 687 955 moribus
701 911 804 955 vocem
819 893 928 955 edidit:

264 977 330 1041 Non
345 981 397 1059 qui
411 979 572 1049 fuerimus,
588 979 640 1039 sed
655 979 706 1058 qui
721 996 800 1040 nunc
814 979 920 1048 siurus,
936 976 1013 1037 vide.

593 1164 783 1224 FABVLA
805 1164 895 1224 XXX.

424 1270 753 1323 'I'ERRANEOLA
777 1271 837 1322 Eu
862 1269 1064 1322 vimus,

465 1368 563 1422 Pravis
579 1383 635 1420 non
653 1385 712 1423 esse
729 1367 814 1422 fidem
831 1366 1028 1422 adhibendam.

308 1475 390 1544 uvis,
406 1493 494 1554 quam
509 1473 612 1534 dicunt
625 1474 823 1535 terraneolam
837 1473 951 1543 rustici,

266 1558 300 1619 ln
314 1566 394 1618 terra
409 1559 512 1619 nidum
528 1560 596 1638 quia
615 1560 754 1638 conponit
768 1558 892 1627 scilicet,

267 1641 356 1702 Forte
372 1644 540 1703 occucurrit
554 1642 698 1722 inprobae
714 1641 906 1722 vulpeculam

266 1725 329 1796 Qua
344 1728 420 1796 visa,
435 1728 543 1806 pennis
558 1727 646 1788 altius
661 1745 693 1786 se
708 1727 838 1787 sustulit.

268 1810 366 1880 Salve,
382 1812 481 1890 inquit
495 1809 560 1880 illa,
576 1829 631 1871 cur
644 1829 691 1871 me
706 1812 826 1888 fugisti,
842 1809 984 1870 obsecro?

267 1892 356 1963 Quasi
371 1913 430 1955 nou
445 1893 561 1954 abunde
576 1897 615 1956 sit
629 1895 703 1954 mibi
717 1897 750 1955 iu
764 1902 849 1974 prato
865 1893 961 1964 cibus,

267 1977 369 2048 Grilli,
386 1977 553 2049 scarabaei,
568 1978 748 2040 locustarum
763 1980 862 2057 copia:

267 2061 349 2122 Nihil
364 2069 423 2133 est,
439 2063 517 2142 quod
532 2069 659 2132 metuas,
676 2081 731 2141 ego
745 2070 776 2123 te
790 2063 916 2124 multum
931 2062 1023 2140 diligo

267 2146 394 2226 Propter
408 2148 526 2226 quietos
539 2165 638 2207 mores
653 2155 683 2207 et
697 2149 788 2207 vitam
802 2147 937 2226 probam.

267 2229 431 2310 Respondit
446 2238 562 2292 contra:
592 2230 637 2291 Tu
652 2231 772 2311 quidem
787 2230 863 2292 bene
878 2230 1047 2310 praedicam
1167 2307 1174 2325 ,1

267 2314 301 2375 ln
317 2332 420 2394 campo
434 2333 494 2374 non
510 2333 590 2385 sum,
606 2315 659 2375 sed
673 2315 729 2375 sub
745 2315 809 2385 dio,
824 2333 879 2394 par
893 2314 960 2376 tibi.

267 2397 345 2469 Quin
360 2417 500 2479 sequere;
515 2399 571 2460 tibi
587 2398 710 2460 salutem
726 2401 879 2460 committo
893 2417 1000 2460 meam.

576 2581 914 2636 EPILOGVS.

310 2691 373 2753 lloc
387 2693 601 2773 qualecumque
616 2701 661 2754 est
675 2693 757 2753 Musa
772 2693 850 2773 quod
864 2693 940 2754 ludit
954 2709 1029 2761 mea,

268 2775 407 2856 Nequitia
421 2779 534 2857 pariter
548 2777 648 2838 laudat
662 2784 693 2837 et
706 2777 871 2855 frugalitas,

268 2860 327 2922 Sed
342 2861 415 2922 baec
429 2860 620 2941 simpliciter;
636 2861 686 2922 illa
700 2864 790 2922 tacite
805 2863 954 2924 irascitur.
