2975 4234
547 376 708 432 PHAEDRI
726 329 949 432 FABVLARVM

598 543 790 604 FABVLA
811 543 892 603 XVI.

479 641 593 705 own,
611 641 778 694 OERVVS
795 642 850 693 E'I'
868 640 1017 694 Luteva.

239 749 241 753 ’
313 728 479 790 Fraudator
493 728 628 790 homines
645 747 711 789 cum
731 728 853 789 advocat
872 745 1012 807 sponsum
1026 726 1179 809 inprobos,

270 812 336 874 Non
350 830 415 873 rem
430 812 588 892 expedire,
605 812 657 872 sed
673 812 782 874 malum
797 829 906 890 augere
921 813 1044 891 expetit.

312 896 402 960 Ovem
417 896 541 974 rogabat
555 915 661 958 cervus
675 896 807 957 modium
822 898 918 958 tritici

270 979 353 1060 Lupo
367 999 520 1061 sponsore.
550 982 587 1042 dt
602 981 653 1042 illa
667 990 876 1060 praemetuens
891 980 1005 1042 dolum:
1062 1021 1065 1028 ·

270 1064 383 1145 Rapere
398 1073 486 1144 atque
500 1063 584 1126 abire
599 1083 717 1145 semper
732 1066 866 1127 adsuevit
878 1064 976 1144 lupus,

269 1148 366 1210 Tude
381 1157 541 1228 conspectu
556 1150 660 1228 lugere
675 1149 770 1210 veloci
783 1151 902 1228 inpetu;

270 1231 324 1294 vht
338 1251 390 1294 vos
404 1235 572 1312 requiram,
589 1252 657 1294 cum
672 1234 736 1293 dies
752 1232 922 1293 advenerit?

590 1368 781 1428 unauna
803 1368 898 1427 xvn.
1061 1426 1069 1440 ,

499 1467 612 1529 OVIS,
630 1465 756 1517 CANIS
771 1466 828 1517 nt]
844 1465 993 1520 INPVS.
1179 1485 1185 1511 r

310 1550 413 1612 Solent
427 1553 583 1614 mendaces
598 1553 680 1613 luere
696 1569 807 1631 poenas
821 1551 956 1613 malotlct.

268 1635 467 1698 Calumniator
481 1636 518 1698 ab
534 1655 587 1696 ove
603 1655 669 1697 cum
684 1644 802 1716 peteret
815 1654 907 1706 canrs,

268 1717 362 1791 Quem
376 1721 575 1782 commodasse
590 1739 695 1801 panem
711 1739 742 1780 se
758 1721 959 1790 contenderet,

267 1804 368 1883 Lupus
383 1807 491 1865 citatus
505 1806 588 1865 testis
603 1823 661 1864 non
678 1823 770 1865 unum
784 1804 871 1864 modo

267 1887 377 1948 Deberi
393 1888 482 1958 dixit,
497 1907 601 1950 verum
617 1888 780 1948 adtirrnavit
794 1888 907 1949 decem.

268 1972 338 2034 Ovis
354 1972 489 2033 damnata
502 1973 575 2034 falso
589 1974 760 2033 testimonio
1006 2021 1008 2025 ,

267 2054 351 2126 Quod
365 2074 425 2116 non
440 2055 568 2118 debebat
582 2057 678 2118 solvit.
707 2057 778 2118 Post
792 2074 902 2135 paucos
917 2056 980 2117 dies

267 2139 378 2202 Bidens
394 2142 540 2202 iacentem
554 2142 586 2201 in
600 2142 684 2201 lovea
699 2142 856 2219 conspexit
868 2141 984 2220 lupum:

267 2222 362 2295 llaec,
377 2226 490 2303 inquit,
505 2243 621 2286 merces
635 2225 748 2286 fraudis
762 2244 778 2284 a
793 2227 911 2302 superIs
926 2224 1020 2285 datur.

581 2375 772 2436 FABVLA
793 2375 904 2434 XVIII.

507 2473 677 2525 MVLIER
692 2473 977 2526 PARI'VRIEIIS.

307 2558 400 2621 Nemo
414 2558 544 2621 libenter
558 2560 664 2620 recolit
677 2561 729 2639 qui
743 2560 829 2619 laesit
842 2558 949 2619 locum.

264 2643 393 2705 Instante
408 2653 495 2723 partu
509 2644 617 2705 mulier
632 2646 706 2704 actis
721 2643 874 2704 mensibus

265 2727 360 2789 Humo
374 2727 490 2790 iacebat
504 2728 620 2790 flebiles
635 2731 764 2807 gemitus
778 2731 872 2788 ciens.

265 2811 317 2872 Vir
331 2819 377 2872 est
390 2812 537 2882 hortatus,
554 2831 661 2892 corpus
674 2813 751 2872 lecto
766 2815 924 2890 reciperet,

265 2895 347 2957 Onus
360 2905 483 2957 naturae
497 2896 604 2957 mellus
619 2914 676 2975 quo
692 2897 864 2975 deponeret.

263 2979 400 3050 Minime,
416 2981 527 3059 inquit,
544 2979 595 3042 illo
609 2998 696 3059 posse
711 2980 827 3041 conlido
841 2979 905 3039 loco

263 3061 372 3125 Malum
386 3065 483 3135 liniri,
498 3083 556 3144 quo
571 3072 746 3144 conceptum
761 3073 806 3124 est
820 3065 917 3124 initio.

594 3199 785 3259 FABVLA
805 3199 885 3259 XIX.

525 3298 650 3348 came
667 3295 952 3350 mammete.

304 3380 422 3444 liabent
438 3383 561 3443 insidias
576 3383 704 3443 hominis
720 3382 882 3443 blanditiae
900 3381 984 3443 mall:

263 3462 342 3536 Quas
356 3475 389 3527 ut
405 3468 531 3528 vitemus
546 3485 649 3528 versus
663 3465 791 3527 subiecti
805 3475 935 3526 monent.

305 3549 393 3611 Canis
408 3553 578 3651 parQriens
593 3569 659 3611 cum
674 3558 810 3627 rogasset
824 3551 955 3618 alteram

265 3632 299 3693 llt
312 3634 429 3695 letum
421 3653 452 3695 rn
467 3653 532 3697 erus
545 3637 664 3712 tugurio
679 3635 851 3714 deponeret,

469 3716 530 3964 I
