2975 4234
627 404 736 459 LIBER
756 405 804 463 IV.

277 552 334 625 Qui
348 554 447 613 lacere
462 570 537 632 quae
552 571 612 613 non
627 560 752 632 possunt
766 553 867 614 verbis
882 554 1007 625 elevant,

236 636 416 702 Adscribere
430 637 486 696 hoc
501 635 653 698 debebunt
667 638 836 716 exemplum
851 637 919 699 sibi.

583 788 778 848 FABVLA
798 789 852 849 IV.

508 887 667 946 uvis
693 887 753 938 ΕΤ
778 888 918 941 ΔΡΕΒ.

277 974 379 1054 Equus
394 972 499 1034 sedare
515 972 618 1032 solitus
632 990 691 1050 quo
705 973 805 1032 luerat
818 975 910 1042 sitim,

235 1059 312 1121 llum
327 1076 393 1120 seso
408 1075 480 1136 aper
495 1056 620 1125 volutat,
636 1055 766 1117 turbarit
779 1057 894 1119 vadum.

235 1143 313 1206 Hinc
328 1150 393 1203 orta
407 1141 445 1202 lis
460 1149 516 1202 est.
547 1140 671 1219 Sonipes
686 1143 781 1200 iratus
795 1141 860 1200 lero

235 1227 385 1289 Auxilium
399 1227 486 1304 petiit
500 1224 645 1294 hominis,
662 1241 751 1303 quern
766 1225 853 1286 dorso
867 1224 969 1286 levans

235 1312 324 1373 lledlt
338 1311 373 1371 ad
389 1310 514 1371 hostem.
544 1307 633 1369 lactis
648 1308 726 1372 hunc
740 1309 810 1369 telis
824 1327 916 1388 eques

236 1396 393 1475 Postquam
408 1394 573 1462 interfecit,
589 1395 633 1453 sic
648 1392 765 1453 locutus
780 1394 923 1454 traditur:

236 1480 344 1541 Laetor
357 1478 460 1538 tulisse
477 1477 618 1538 auxilium
633 1495 679 1536 me
694 1477 834 1554 precibus
849 1480 925 1548 tuis;

236 1564 311 1625 Nam
325 1563 465 1642 praedam
481 1563 546 1640 cepi
562 1569 593 1620 et
607 1561 713 1630 didici,
730 1580 819 1639 quam
833 1563 874 1622 sis
888 1561 986 1631 utilis:

236 1649 332 1728 Atque
348 1650 390 1708 ita
405 1647 503 1724 coegit
516 1645 616 1705 frenos
630 1646 755 1704 invitum
770 1648 841 1724 pati.

237 1731 314 1793 Tum
328 1739 456 1792 maestus
471 1729 538 1790 ille:
569 1729 679 1789 Parvae
694 1729 855 1790 vindictam
869 1731 915 1790 rei

238 1814 313 1877 llum
328 1833 439 1895 quaero
455 1814 591 1882 demens,
608 1815 782 1874 servitutem
798 1815 930 1893 repperi.

278 1901 357 1962 llaec
372 1898 532 1960 iracundos
547 1896 718 1957 admonebit
731 1896 845 1957 iahula:

236 1983 350 2065 inpune
364 1985 464 2064 potius
479 1981 557 2043 laedi
573 2000 662 2061 quam
678 1981 747 2042 dedi
763 1982 859 2042 altori.

594 2132 785 2226 rhenan
804 2133 843 2195 v.

645 2231 794 2282 Pomm,

279 2320 347 2379 Plus
362 2338 426 2380 esse
441 2321 473 2380 in
487 2337 547 2380 uno
562 2336 650 2398 saepe
665 2335 755 2396 quam
769 2319 801 2376 in
816 2317 903 2378 turha
919 2316 998 2378 bont

237 2403 413 2464 Narratione
427 2405 554 2482 posteris
569 2403 683 2462 tradam
698 2400 793 2462 brevi.

280 2486 406 2558 Quidam
421 2487 567 2547 decedens
582 2494 643 2546 tres
657 2484 781 2564 reliquit
793 2486 884 2546 illias:

237 2573 329 2632 Vnam
342 2572 501 2632 formosam
517 2579 547 2630 ct
561 2571 655 2630 oculis
669 2577 825 2629 venantem
839 2571 936 2639 vir0s;

237 2657 273 2717 lt
288 2656 410 2716 alteram
425 2655 570 2715 lanificam
585 2661 615 2712 et
629 2654 724 2730 frugi,
740 2655 899 2721 rusticam;

236 2740 375 2800 Devotam
391 2742 460 2800 rino
474 2740 593 2798 tertiam
609 2745 639 2796 et
653 2737 864 2815 turpissimam.

236 2824 348 2884 Harum
364 2832 462 2884 autem
475 2831 600 2882 matrem
614 2822 687 2880 lecit
701 2819 843 2880 heredem
859 2837 950 2881 senex

237 2907 299 2968 Sub
314 2909 505 2977 condicione,
519 2914 610 2966 totam
624 2912 657 2965 ut
671 2906 819 2965 fortunam
833 2903 931 2965 trihus

236 2991 407 3070 Aequaliter
421 2989 594 3058 distribuat,
611 2989 663 3049 sed
678 2989 731 3050 tali
744 2989 848 3050 modo:

236 3076 279 3136 Nc
295 3076 362 3136 data
377 3075 547 3155 possideant
561 3081 612 3134 aut
625 3075 778 3141 fruantur;
794 3081 872 3142 tum,
887 3072 975 3134 simul

236 3159 354 3220 Habere
369 3179 418 3220 res
433 3160 592 3226 desierint,
608 3177 681 3236 quas
696 3158 875 3235 acceperint,

235 3244 367 3306 Centena
381 3246 469 3304 matri
485 3243 638 3302 conferant
652 3243 801 3302 sestertia.

237 3329 366 3389 Athenas
381 3345 482 3388 rumor
496 3326 600 3406 inplet.
630 3326 723 3386 Mater
738 3325 841 3385 sedula

235 3411 314 3473 luris
328 3415 441 3491 peritos
457 3411 598 3480 consulit;
613 3428 701 3470 nemo
716 3410 846 3488 expedit,

235 3495 300 3566 Quo
315 3505 400 3576 pecto
414 3514 473 3556 non
489 3495 675 3574 possideant,
691 3494 769 3573 quod
785 3495 876 3554 luerit
890 3493 1000 3564 datum,

236 3580 415 3641 Fructumve
431 3581 563 3659 capiant;
579 3579 685 3640 deinde
700 3597 777 3657 quae
792 3578 916 3639 tulerint
929 3577 1015 3650 nihil,

235 3662 366 3734 Quanam
382 3666 497 3726 ratione
513 3664 668 3725 conserant
682 3664 855 3743 pecuniam.

283 3777 441 3820 omanus.
997 3755 1026 3812 ‘h
