2975 4234
636 401 829 458 APPENDIX.

255 550 364 613 Omnes
378 551 479 612 furore
494 550 581 632 plenu
595 559 681 612 vocat
695 559 725 612 et
739 550 865 612 verbero

254 635 398 714 Proponit
411 637 529 714 grauia,
544 653 647 696 verum
662 637 689 696 si
704 654 763 696 nou
779 635 920 697 dixerint.

254 719 328 780 Aliis
342 721 470 789 minare,
486 738 534 780 me
550 727 632 780 certe
646 720 725 781 houd
740 720 839 790 selles,
855 723 906 790 ait,

255 803 371 882 Flagris
386 823 451 866 sum
466 822 584 873 caesus,
600 822 704 865 verum
719 806 789 884 quia
804 804 866 865 dixi
880 803 977 864 modo.

587 957 780 1017 FABVLA
801 957 882 1016 XVI.

335 1054 501 1106 GALLVS
518 1054 700 1107 momen
716 1057 747 1105 A
763 1053 945 1105 mmvs
961 1053 1136 1106 VEC'I'VS.

280 1134 403 1189 Nimiam
420 1135 599 1191 securitatem
616 1151 701 1205 coepe
717 1135 748 1188 in
764 1134 921 1203 periculum
938 1134 1064 1190 homines
1082 1135 1192 1189 ducere.

297 1223 383 1285 Feles
396 1223 527 1285 habebat
539 1225 635 1303 gellus
648 1224 827 1285 lecticarios.

255 1308 341 1368 Hunc
354 1308 517 1386 gloriosum
531 1309 635 1389 vulpes
649 1316 683 1369 ut
696 1308 771 1369 vidit
783 1308 862 1378 vehi,

256 1392 304 1453 Sic
320 1400 365 1454 est
378 1392 490 1453 locuta:
520 1393 624 1454 Moneo
639 1411 817 1473 praecavens
831 1392 948 1464 dolum:

255 1475 381 1538 Istorum
395 1477 493 1538 vultus
508 1495 635 1556 nomque
651 1480 676 1538 si
691 1477 874 1547 consideres,

255 1560 399 1622 Praedam
412 1569 532 1640 portare
547 1561 678 1632 iudices,
694 1579 756 1622 non
771 1563 929 1623 sarcinum.

662 1675 807 1715 *ὃ*

296 1763 454 1843 Postquam
469 1766 584 1824 esurire
599 1767 697 1843 coepit
712 1782 799 1824 saeva
813 1765 950 1832 societas,

256 1846 421 1928 Discerpsit
435 1848 587 1910 dominnm
602 1857 632 1910 et
646 1849 719 1909 iecit
733 1855 834 1928 partes
848 1849 1002 1908 iocinoris.

578 2001 771 2062 PABVLA
792 2001 889 2062 XVII.

389 2098 551 2152 SOROFA
568 2099 843 2151 murmuris
860 2099 916 2150 ET
933 2097 1082 2150 LVPVS.

332 2179 500 2236 Faciendum
517 2180 594 2249 prius
612 2180 732 2234 homiuis
748 2179 914 2249 periculum,
932 2194 1018 2246 quum
1034 2177 1094 2233 eins
1111 2178 1140 2233 ie

608 2248 768 2302 committas
785 2247 860 2302 fidei.

298 2335 455 2397 Premente
469 2344 556 2416 partu
571 2338 668 2398 scrofa
683 2356 751 2398 cum
766 2343 899 2415 gemeret
913 2337 1023 2405 Iacens,

257 2421 394 2480 Accurrit
408 2420 495 2500 lupus
510 2429 540 2482 ct
554 2421 725 2483 obstetricis
737 2421 875 2501 portibus

258 2502 296 2564 Se
311 2522 398 2583 posse
412 2505 496 2582 iungi
512 2505 602 2576 dixit,
618 2508 795 2586 promittens
810 2523 906 2585 opem

257 2587 338 2658 Quae
353 2606 424 2649 vero
438 2599 540 2650 nosset
554 2593 685 2669 pectoris
699 2590 835 2651 fraudem
850 2587 979 2667 inprobi,

258 2672 435 2753 Suspectum
450 2674 579 2735 officium
593 2674 762 2754 repudiavit
775 2672 900 2734 malefici
1199 2677 1217 2730 t

257 2756 308 2817 Et:
340 2756 417 2818 Satis
432 2765 491 2827 est,
506 2760 617 2838 inquit,
634 2761 659 2819 si
674 2758 799 2819 recedes
813 2758 939 2834 longius.

257 2838 341 2910 Quod
356 2843 380 2901 si
394 2842 537 2921 perfidiae
552 2861 585 2904 se
600 2845 799 2904 commisisset
812 2842 886 2922 lupi,

258 2923 363 2986 Portus
378 2926 479 2987 dolore
494 2927 554 2987 lata
569 2925 737 3006 complesset
752 2945 815 2991 suo.

572 3063 765 3122 FABVLA
787 3063 899 3121 XVIII.

389 3159 579 3212 Aneons
595 3161 651 3212 M
669 3160 833 3211 SERVVS
849 3157 1085 3212 PBOFVGVS.

467 3240 530 3295 Non
547 3257 606 3296 esse
624 3240 699 3294 mulo
719 3240 881 3294 addendum
896 3239 1011 3294 mssunu

300 3325 410 3388 Servus
423 3330 596 3407 profugiens
611 3330 764 3390 dominum
778 3336 903 3390 naturae
918 3346 1052 3408 asperae,

258 3413 373 3492 Aesopo
388 3415 519 3474 occurrit
534 3423 621 3475 notus
635 3433 652 3475 e
667 3416 786 3475 vicinio.

258 3495 335 3566 Quid
350 3503 383 3557 tu
398 3498 557 3558 confusus?
586 3498 688 3559 Dicam
703 3497 762 3558 tibi
777 3497 872 3566 clare,
888 3504 984 3576 pater,

259 3580 320 3640 lloc
335 3599 462 3661 namque
477 3600 511 3642 es
525 3581 633 3660 dignus
648 3583 794 3662 appellari
809 3583 939 3650 nomine,

258 3662 334 3724 Tuto
349 3665 470 3746 querela
484 3667 554 3746 quio
568 3665 646 3746 apud
661 3673 690 3727 tc
706 3667 877 3746 deponitur.
