2975 4234
390 339 392 345 ’
439 384 487 439 on
501 383 662 440 russum
675 383 824 440 vmsnr
838 383 1004 471 soarerm.
1165 391 1203 440 ιι

242 533 310 594 bum
331 541 472 604 exeunte,
500 537 587 595 cuius
610 537 676 595 vitii
701 534 831 614 plurima
852 534 986 614 exempla
1004 532 1138 593 Phaedro
1158 535 1202 593 in-

243 617 338 678 tulere
358 617 447 679 docti.

306 703 503 783 Anapaestum
524 703 635 784 ubique
661 722 716 784 pro
738 704 869 783 spondeo
891 706 962 783 poni
988 705 1034 764 las
1055 711 1115 773 est,
1146 720 1203 783 qua

243 795 342 849 tamen
362 795 483 867 praeter
501 791 631 868 primum
651 796 682 848 et
702 789 839 868 quintum
858 789 956 848 locum
975 807 1036 849 non
1056 790 1097 849 ita
1114 804 1203 866 saepe

243 873 337 933 utitur
357 874 487 951 scriptor
507 876 608 943 venia,
630 891 685 934 neo
706 891 777 934 vero
798 891 938 952 umquam
955 872 996 933 ab
1017 872 1122 933 eodem
1139 871 1204 932 bini
1249 949 1251 952 Ι

244 957 455 1017 continuantur
474 957 566 1037 pedes
585 957 741 1019 eiusmodi.
784 957 907 1036 Dactylo
921 959 954 1017 in
968 959 1064 1036 prima
1083 957 1203 1036 potissi·

243 1058 325 1100 mum
344 1043 492 1121 tertiaque
511 1049 541 1102 et
555 1049 660 1122 quarta
675 1042 745 1102 sede
760 1042 844 1103 locus
858 1050 913 1102 est.
957 1042 1203 1102 Proceleusmati·

208 1201 213 1207 ,
244 1143 298 1186 cus
312 1131 428 1186 tantum
441 1127 528 1187 initio
544 1129 655 1188 senarii
670 1126 839 1187 adhibetur.
869 1126 1029 1188 Praeterea
1043 1126 1204 1186 notandum

245 1211 321 1270 arsis
336 1209 492 1270 solvendae
506 1229 619 1272 morem
635 1213 690 1271 etsi
707 1214 779 1272 satis
800 1212 1003 1290 frequentem,
1023 1218 1124 1272 tamen
1138 1210 1204 1289 plu·

245 1296 355 1354 rimum
369 1296 401 1354 in
415 1294 566 1356 vocabulis
580 1296 647 1375 plus
662 1314 750 1375 quam
766 1295 919 1375 disyllabis
933 1297 1074 1356 inveniri.
1100 1294 1144 1355 Ex
1159 1296 1205 1354 eis

245 1379 433 1457 excipiuntur
453 1381 676 1442 tribrocdorum
701 1380 748 1440 vel
773 1382 805 1440 in
828 1379 1205 1442 tribrachum'exeuntium

239 1469 348 1541 portes
361 1465 595 1539 paenultimam
609 1467 730 1539 ultima,
755 1467 787 1524 in
807 1483 895 1543 quam
917 1465 1041 1525 solutam
1056 1466 1140 1524 arsin
1156 1481 1204 1524 ea·

246 1547 317 1607 dere
329 1547 421 1608 nelas.
438 1547 490 1608 Est
500 1547 552 1609 ubi
568 1551 599 1608 in
615 1548 769 1627 disyllabis
784 1549 956 1610 admittatur
971 1548 1091 1617 eadem;
1107 1549 1205 1608 rarius

245 1630 340 1691 multo
355 1633 455 1692 evenit
474 1640 508 1692 ut
528 1631 729 1712 monosyllabo
750 1641 892 1711 sequente
912 1633 1086 1713 plusquam
1101 1649 1203 1692 mono-

246 1715 358 1795 syllabo
373 1717 559 1776 contineatur
574 1719 664 1785 arsis,
686 1723 719 1776 ut
733 1724 804 1796 puta
819 1719 862 1777 sio

354 1800 549 1861 calumniator
565 1800 601 1861 ab
617 1818 670 1861 ove
685 1819 754 1861 cum
768 1807 885 1880 peteret
899 1803 991 1863 canis.

352 1892 382 1946 et
395 1887 494 1965 rapiet
508 1885 544 1947 ad
560 1904 591 1946 se
606 1885 684 1964 quod
699 1887 759 1946 erit
773 1903 928 1947 commune
946 1887 1089 1947 omnium.

247 1968 404 2030 Praeterea
424 1969 566 2031 notabilis
590 1970 643 2030 sed
662 1969 796 2048 legitima
821 1972 907 2032 venia
928 1977 1010 2031 tutus
1033 1969 1206 2050 appendicis

247 2071 352 2115 versus
369 2050 439 2134 [10,
458 2051 512 2134 10]
528 2055 595 2114 hic:

352 2157 412 2199 non
426 2146 460 2200 ut
473 2139 593 2200 labores
607 2140 699 2208 lacio,
720 2141 776 2200 sed
787 2146 821 2199 ut
834 2141 925 2200 istum
941 2139 1058 2211 domes;

353 2224 413 2283 uisi
429 2226 529 2303 potius
543 2222 710 2285 scribemus
725 2224 795 2284 ‘sed
810 2226 854 2284 uti
869 2228 977 2284 stum'.

248 2305 350 2377 Quinti
365 2307 450 2385 pedis
464 2311 545 2369 arsin
556 2327 615 2370 non
629 2309 701 2368 licet
715 2308 788 2368 solvi
803 2310 862 2368 nisi
877 2307 1019 2369 vocabulo
1033 2309 1100 2388 plus
1118 2325 1206 2387 quam

248 2389 401 2470 trisyllabo
421 2391 575 2454 claudente
596 2400 738 2462 metrum,
766 2411 782 2452 a
803 2411 861 2471 qua
880 2410 984 2453 norma
1004 2395 1052 2453 vix
1072 2399 1142 2453 sunt
1163 2392 1207 2451 di·
1302 2430 1304 2435 .

248 2493 333 2537 versa
347 2475 421 2536 haec
438 2473 486 2555 [V,
502 2473 604 2547 ’1,22.
626 2495 694 2556 app.
710 2474 745 2547 9,
761 2474 796 2556 6]

353 2559 474 2640 quidam
488 2563 520 2622 in
535 2570 725 2640 conspectum
740 2562 930 2640 proditurum
945 2563 1009 2620 sine
1025 2578 1116 2620 mora.

354 2645 510 2723 respondit
524 2645 589 2706 illa:
610 2646 752 2724 quicquid
768 2645 888 2704 dederis
903 2646 975 2704 satis
990 2646 1057 2705 erit.
1109 2712 1111 2716 ,

249 2729 337 2790 Arsin
357 2729 458 2790 diduci
476 2735 616 2804 sequente
638 2736 806 2805 anapaesto
826 2728 872 2788 vel
886 2730 1041 2790 trrlrraolro
1060 2747 1119 2789 non
1139 2747 1208 2808 per·

250 2815 390 2874 mittitur.
438 2814 598 2893 dnapaesti
623 2813 721 2874 thesin
748 2812 890 2874 vocabulo
914 2816 1011 2874 minus
1036 2830 1126 2888 quam
1154 2816 1208 2874 tri·

249 2899 366 2976 syllodo
391 2901 539 2959 contineri
566 2898 721 2958 nonlicet
746 2905 866 2976 praeter
893 2900 1024 2976 primum
1045 2898 1152 2976 pedem
1180 2905 1210 2956 et

250 2982 408 3146 ἓίὁᾳιιῗὸῗο
433 2985 570 3063 quintum
595 2981 666 3062 [lll‚
690 2978 743 3051 10,
764 2979 796 3042 4.
842 2979 896 3050 14,
920 2980 969 3042 11.
1010 3001 1077 3061 app.
1101 2978 1156 3051 19,
1178 2977 1208 3041 3.

143 3166 146 3170 ·
313 3149 472 3212 Praeterea
492 3151 667 3213 observatur
686 3170 723 3211 ne
743 3169 884 3230 umquam
910 3168 964 3229 pes
990 3149 1138 3211 secundus
1163 3149 1210 3210 rel

249 3237 358 3296 tertius
383 3237 446 3296 sive
471 3244 594 3315 quartus
614 3238 801 3296 contineatur
823 3234 964 3294 vocabulo
984 3236 1016 3294 in
1037 3234 1209 3312 spondeum,

251 3328 456 3399 anapaestum,
477 3320 626 3400 dactylum
645 3328 782 3380 exeunte.
819 3319 900 3380 Nulli
914 3320 1009 3396 igitur
1024 3336 1128 3379 versus
1142 3329 1211 3378 sunt

252 3411 375 3485 utputa
395 3403 487 3464 tales:

356 3490 521 3563 recusavit,
538 3489 615 3568 quod
631 3487 748 3550 clausae
763 3496 849 3549 erant
863 3487 1006 3548 stomachi
1021 3489 1096 3547 viae.

357 3583 388 3650 et
401 3574 539 3652 protinus
552 3575 697 3634 auxilium
711 3581 817 3652 petens
831 3590 920 3632 anser
934 3572 1035 3632 simul.

358 3657 425 3719 cibo
439 3657 615 3737 impleretur
629 3660 785 3720 servitium
796 3662 1003 3734 negauerant.
