2975 4234
645 404 838 462 APPENDIX.

576 607 766 667 FABVLA
788 607 912 666 XXVII.

492 714 720 767 MERE'I'RIX
735 714 791 766 ET
807 713 996 766 tvvmms.

347 812 438 867 Multa
455 828 515 868 assa
532 812 655 867 iucunda
672 828 746 880 qnae
762 813 858 867 tamen
875 813 941 866 anni
956 811 1140 866 incommoda.

305 920 379 982 Cum
394 920 582 981 blandiretur
595 921 696 980 iuveni
710 921 854 979 meretrix
868 918 991 999 perfida,

199 1075 201 1079 Α
262 1004 300 1064 Et
313 1004 362 1065 ille
377 1004 473 1065 laesus
487 1004 592 1064 multis
606 1022 694 1082 saepe
709 1004 830 1063 iniuriis

263 1088 375 1150 Tamen
390 1087 551 1167 praeberet
565 1106 631 1149 sese
645 1087 764 1148 facilem
778 1087 909 1159 mulieri,

263 1173 313 1234 Sic
327 1173 511 1234 insidiatrix:
541 1172 651 1234 Omnes
665 1170 840 1232 muneribus
853 1172 925 1234 licet

262 1257 462 1327 contendant,
478 1274 533 1334 ego
548 1263 577 1316 te
592 1257 715 1336 plurimi
729 1257 805 1317 facio
819 1263 929 1317 tamen.

262 1341 381 1403 Iuvenis
395 1341 556 1402 recordans
571 1343 708 1420 quotiens
724 1340 866 1420 deceptus
879 1342 972 1401 foret:

262 1424 428 1495 Lubenter‚
444 1427 557 1505 inquit,
573 1443 638 1485 mea
653 1425 715 1494 lux,
731 1425 808 1486 hanc
822 1443 925 1485 vocem
939 1425 1036 1496 audio,

262 1509 328 1572 Non
342 1509 421 1590 quod
435 1509 546 1579 tidelis,
562 1509 615 1570 sed
630 1508 709 1588 quod
723 1509 851 1569 iucunda
867 1516 912 1570 cst
925 1509 1010 1570 mihi.

564 1703 756 1762 FABVLA
776 1703 915 1764 XXVIH.

672 1811 811 1863 emma.

305 1915 399 1978 Canes
414 1914 544 1992 elingere
560 1931 627 1974 oum
642 1916 702 1974 iam
715 1931 775 1973 non
790 1915 885 1993 possit
898 1911 983 1983 fiber,

265 1998 381 2078 (Graeci
396 1999 535 2079 loquaces
549 2017 638 2077 quem
653 1997 794 2058 dixerunt
808 2005 952 2058 castorem

263 2084 300 2146 Et
315 2084 488 2147 indiderunt
503 2081 615 2143 bestiae
631 2100 739 2142 nomen
754 2082 813 2151 dei,

263 2167 325 2237 Illi,
341 2170 392 2248 qui
407 2171 519 2228 iactant
533 2185 565 2228 se
580 2165 741 2226 verborum
756 2167 839 2245 copia
847 2166 866 2246 ε)

263 2251 410 2331 Abripere
424 2270 525 2312 morsu
539 2252 634 2312 iertur
648 2251 801 2312 testiculos
816 2249 884 2321 sihi,

264 2335 338 2406 Quia
352 2343 475 2415 propter
489 2336 555 2396 illos
570 2337 680 2396 sentiat
694 2353 760 2396 sese
774 2338 847 2414 peti.

263 2419 368 2482 Divina
383 2419 462 2500 quod
476 2421 591 2480 ratione
607 2421 673 2479 lieri
688 2438 747 2480 non
762 2437 884 2497 negem;

263 2505 392 2566 Venator
406 2521 533 2583 namque
548 2503 636 2562 simul
651 2506 766 2564 invenit
779 2504 955 2572 remedium,

264 2589 382 2651 Omittit
395 2589 492 2667 ipsum
507 2589 646 2666 persequi
662 2595 692 2647 et
705 2594 825 2647 revocat
839 2605 937 2647 canes.

305 2674 367 2734 lloc
382 2675 406 2734 si
422 2679 573 2751 praestare
588 2679 711 2749 possent
723 2670 874 2741 homines,
890 2677 923 2732 ut
937 2688 991 2731 suo
1189 2677 1222 2732 to

264 2758 379 2818 Vellent
394 2773 511 2826 carere,
527 2757 584 2815 tuti
599 2755 721 2834 posthac
736 2757 884 2825 viverent;

266 2841 350 2903 Haud
364 2843 520 2922 quisquam
534 2839 659 2900 insidias
673 2838 753 2900 nudo
766 2840 879 2900 iaceret
893 2840 1020 2920 corpori.

584 3043 776 3103 FABVLA
797 3043 904 3102 XXIX.

537 3150 710 3202 PAPILIO
727 3151 783 3201 ΕΤ
800 3150 949 3202 vmst’A.

340 3247 404 3304 Non
420 3249 602 3318 praeteritam
619 3249 862 3370 ⁵⁰df3ffi⁰¹¹t⁰m
879 3246 1069 3316 aspiciendam
1085 3262 1144 3303 esse

766 3331 820 3369 am.

306 3421 420 3502 Papilio
434 3440 554 3502 vespam
568 3422 814 3502 praetervolitans
827 3421 953 3483 viderat.

265 3505 290 3568 0
305 3515 416 3568 sortem
430 3507 575 3586 iniquam!
595 3506 665 3567 dum
678 3505 818 3567 vivebant
832 3523 964 3585 corpora,

266 3589 398 3660 Quorum
412 3610 448 3652 ex
462 3591 598 3670 reliquiis
613 3592 739 3651 animam
754 3608 808 3650 nos
824 3592 1000 3670 accepimus,

265 3673 327 3753 Ego
342 3675 483 3756 eloquens
497 3678 529 3736 in
543 3692 630 3755 pace,
646 3675 733 3735 fortis
748 3673 883 3756 proeliis,
