2975 4234
266 388 306 450 14
539 391 700 446 renuunt
719 391 942 448 FABVLARVM

622 541 813 602 FABVLA
834 542 859 601 I.

395 638 625 701 IVVENOVS,
643 640 725 692 LEO
741 639 797 690 ΕΤ
814 640 1082 695 PRAEDA'I'OR·

305 725 402 804 Super
416 726 574 785 iuvencum
588 723 685 785 stabat
699 725 846 786 delectum
862 726 918 787 leo.

263 807 424 869 Praedator
438 811 600 869 intervenit
612 818 728 888 partem
742 810 906 888 postulans.

263 892 386 962 Darem,
402 894 515 972 inquit,
531 895 590 953 nisi
605 893 718 954 soleres
732 911 787 972 per
802 903 831 954 te
846 911 980 954 sumere:

265 977 302 1038 Et
316 975 476 1056 inprobum
489 978 605 1038 reiecit.
634 977 723 1038 Forte
738 980 877 1038 innoxius

265 1061 365 1121 Viator
380 1068 426 1122 est
441 1061 584 1121 deductus
598 1063 630 1121 in
646 1060 773 1122 eundem
787 1062 885 1124 locum

265 1144 400 1224 Feroque
415 1147 478 1205 viso
492 1146 596 1206 retulit
609 1154 691 1207 retro
705 1144 822 1226 pedem.

264 1228 319 1290 Cui
332 1229 466 1308 placidus
480 1228 545 1289 ille:
575 1229 640 1290 Non
656 1231 794 1310 estquod
810 1232 929 1299 timeas,
946 1231 1003 1301 ait:

265 1311 315 1382 Et,
331 1332 406 1393 quae
421 1312 547 1374 debetur
560 1331 630 1392 pars
643 1322 711 1374 tuae
726 1314 907 1384 modestiae,

266 1397 411 1463 Audacter
425 1397 506 1458 tolle.
535 1396 619 1458 'lunc
634 1397 728 1459 diviso
744 1405 864 1476 tergore

265 1480 358 1542 Silvas
373 1481 491 1560 petivit,
506 1481 621 1543 homini
636 1491 668 1543 ut
682 1499 835 1544 accessum
849 1482 944 1542 daret.
1188 1489 1224 1542 to

306 1565 480 1645 Exemplum
495 1568 648 1644 egregium
662 1585 784 1645 prorsus
799 1574 830 1627 et
843 1565 1009 1638 laudabile;

266 1648 374 1710 Verum
388 1656 434 1710 est
448 1650 570 1712 aviditas
585 1650 666 1711 dives
682 1658 712 1710 et
726 1669 840 1731 pauper
855 1650 959 1730 pudor.

298 1899 412 1950 Artvs
428 1803 639 1950 nmourtg
645 1803 870 1962 Αῐξῖἓὶὲὲ
882 1899 990 1952 mm
1006 1899 1187 1953 Pvuffl.

306 1986 331 2046 A
344 1986 465 2046 leminis
479 1993 638 2066 utcumque
654 1986 775 2066 spoliari
790 1988 879 2056 viros,

265 2069 385 2140 Ament,
401 2077 550 2140 amentur,
567 2089 674 2150 nempe
689 2070 835 2149 exemplis
850 2070 1002 2131 discimus.

306 2155 419 2215 Aetatis
433 2155 549 2215 mediae
565 2155 711 2234 quendam
726 2155 835 2215 mulier
849 2173 908 2215 non
924 2154 1008 2214 rudis

265 2236 400 2298 Tenebat
414 2257 506 2300 annos
520 2239 619 2299 celans
634 2239 792 2316 elegantia,

265 2323 444 2403 Animosque
460 2323 593 2383 eiusdem
607 2323 730 2402 pulchra
746 2324 862 2383 iuvenis
877 2330 1007 2402 ceperat.
1204 2329 1223 2383 5

265 2406 390 2477 Ambae,
406 2407 500 2466 videri
515 2407 586 2467 dum
601 2406 702 2466 volunt
717 2407 759 2466 illi
774 2425 871 2485 peres,

266 2490 392 2569 Capillos
407 2490 521 2550 homini
535 2491 635 2568 legere
650 2508 777 2569 coepere
792 2493 928 2551 invicem.

265 2572 321 2644 Qui
337 2593 369 2636 se
383 2581 503 2654 putaret
516 2575 587 2653 fingi
603 2592 673 2636 cura
689 2575 858 2645 mulierum,

265 2658 369 2720 Calvus
383 2665 506 2738 repente
521 2660 618 2720 laetus
633 2665 694 2730 est;
710 2677 778 2720 nam
792 2659 927 2720 funditus

169 2791 171 2794 -
265 2743 357 2805 Ganos
372 2743 485 2823 puella,
501 2745 602 2821 nigros
618 2761 691 2804 anus
707 2744 856 2804 evellerat.

607 2895 798 2955 FABVLA
819 2896 874 2954 ΠΙ.

343 2991 534 3044 Ausova
551 2992 609 3043 AD
627 2991 840 3050 QVENDAM
855 2993 912 3043 Du}
930 2992 1137 3045 SVGOESSV

595 3060 888 3113 INPROBORVM.

305 3145 466 3206 Laceratus
481 3145 600 3224 quidam
615 3164 717 3208 morsu
731 3147 916 3207 vehementis
931 3148 1013 3209 cauis

264 3227 403 3290 Tinctum
417 3247 524 3290 cruore
539 3248 646 3309 panem
661 3230 742 3291 misit
756 3231 899 3300 malefico,

264 3313 407 3374 Audierat
421 3331 486 3375 csse
502 3314 580 3393 quod
594 3315 758 3375 remedium
773 3315 915 3375 vulneris.

263 3396 346 3458 Tune
362 3399 405 3458 sic
420 3399 567 3476 Aesopus:
590 3398 657 3459 Noli
672 3417 771 3459 coram
786 3398 923 3477 pluribus

264 3480 326 3542 Hoc
340 3482 438 3542 lacere
454 3481 590 3552 canibus,
606 3501 645 3543 ne
660 3501 713 3544 nos
728 3484 810 3542 vivos
825 3482 976 3553 devorent,
1064 3484 1067 3489 ’
1203 3492 1223 3545 5

263 3563 337 3627 Cum
352 3566 477 3626 scierint
491 3584 556 3627 esse
572 3566 630 3627 tale
646 3567 750 3646 eulpae
765 3569 940 3644 praemium.

305 3649 465 3712 Successus
479 3649 675 3731 inproborum
689 3651 790 3732 plures
805 3652 917 3714 adlicit.
