2975 4234
587 410 695 466 LIBER
714 411 764 470 III.
784 411 832 469 Ν.

188 582 191 587 ·
232 561 271 624 Et
284 562 415 640 graviter
429 578 477 622 me
489 568 590 624 tutare
604 561 717 622 iudicio
733 568 794 622 tuo.

232 645 357 707 Excedit
371 646 489 706 animus
501 663 590 725 quem
604 647 760 726 proposuit
772 646 947 708 terminum.

232 729 292 792 Sed
307 728 466 790 difficulter
480 731 650 791 continetur
665 732 799 809 spiritns,

231 812 414 891 integritatis
428 815 480 894 qul
495 815 630 875 sincerae
646 816 783 875 conscius

234 898 257 968 ‚i
271 900 427 960 noxiorum
442 900 590 977 premitur
603 897 780 959 insolentiis.

232 980 289 1052 uui
304 983 378 1051 sint,
394 984 547 1061 requires:
563 981 749 1062 apparebunt
763 989 907 1062 tempore.

232 1065 308 1142 Ego,
324 1066 472 1147 quondam
486 1065 545 1143 logi
559 1084 648 1146 quarn
662 1084 738 1146 puer
752 1069 938 1136 sententiam,

232 1149 357 1220 „Palam
373 1153 481 1210 mutire
496 1149 613 1229 plebeio
627 1151 777 1230 piaculum
792 1159 868 1219 est,“

231 1232 308 1294 llum
323 1237 434 1295 sanitas
448 1234 609 1306 constabit,
625 1235 749 1314 pulchre
763 1237 937 1296 meminero.
1019 1270 1020 1274 =

542 1470 664 1531 LIBER
685 1471 882 1540 QVARTVS.

419 1559 561 1637 sobre
576 1585 635 1636 Ar>
650 1585 997 1640 PARulcvholtuM.

274 1670 347 1733 Cum
363 1669 555 1732 destinassem
570 1671 731 1731 terminum
747 1673 830 1750 operi
844 1677 975 1732 statuere

232 1753 266 1817 ln
281 1755 352 1824 boc,
368 1763 402 1816 ut
417 1755 483 1815 aliis
498 1763 576 1815 esset
590 1756 732 1816 materiae
748 1757 829 1825 setis,

233 1839 394 1900 Consilium
410 1841 500 1914 tacito
516 1839 604 1899 corde
619 1839 755 1900 damnavi
769 1857 878 1900 meum.

234 1922 307 1984 Nam
322 1925 416 2004 siquis
430 1923 499 1984 talis
512 1925 601 1984 etiam
617 1924 695 1984 tituli
711 1931 756 1984 est
770 1932 920 2003 appetens,

232 2006 296 2078 Quo
311 2026 370 2068 non
385 2016 471 2087 pacto
485 2007 651 2086 indagabit,
668 2008 810 2088 quidnam
825 2010 985 2077 omiserim,

232 2093 270 2152 Vt
284 2092 356 2153 illud
370 2093 468 2172 ipsum
483 2095 584 2172 cupiat
597 2093 693 2153 lamae
708 2093 837 2163 tradere,

234 2175 293 2237 Sua
307 2178 414 2256 cuique
429 2195 496 2237 cum
513 2179 552 2238 sit
566 2179 657 2237 animi
672 2178 813 2254 cogitatio

233 2259 378 2339 Colorque
391 2262 545 2340 proprius!
573 2261 652 2338 Ergo
667 2279 726 2321 non
740 2261 844 2321 levitas
859 2260 942 2330 milri,

234 2343 293 2404 Sed
307 2350 388 2403 certa
403 2347 479 2404 ratio
494 2364 611 2406 causam
626 2344 776 2405 scribendi
792 2345 883 2405 dedit.

234 2425 347 2498 Quare,
363 2427 525 2498 Particulo,
539 2431 678 2508 quoniam
693 2431 811 2509 caperis
824 2428 942 2499 rabulis,

235 2510 324 2590 (Quas
338 2512 492 2590 Aesopias,
508 2531 567 2573 non
581 2515 703 2593 Aesopi,
719 2515 851 2582 nomino,

233 2594 308 2667 Quia
323 2613 433 2675 paucas
447 2595 496 2657 ille
511 2597 654 2666 ostendit,
670 2614 725 2674 ego
739 2598 841 2676 plures
854 2597 928 2665 iero,

233 2680 312 2742 Usus
326 2687 441 2740 vetusto
455 2697 581 2758 genere,
597 2682 648 2741 sed
664 2679 756 2740 rebus
770 2681 879 2757 novis;)

234 2763 377 2834 Quartum
390 2763 538 2835 libellum,
554 2783 621 2824 cum
636 2767 763 2833 vacarit,
779 2764 925 2843 perleges.

234 2848 320 2909 Hunc
335 2847 502 2908 obtrectare
518 2851 543 2909 si
557 2848 635 2909 volet
648 2849 825 2926 malignitas,

234 2931 348 2993 lmltari
364 2932 432 2992 dum
447 2950 506 2992 non
521 2934 630 3012 possit,
646 2932 794 2994 obtrectet
808 2933 888 2994 licet.

234 3015 307 3076 llihi
321 3022 405 3094 parta
420 3014 484 3075 laus
498 3024 558 3086 est,
574 3017 652 3096 quod
667 3025 714 3088 tu,
730 3017 810 3096 quod
824 3017 936 3078 similes
951 3017 994 3078 tul

158 3162 162 3180 ι
234 3099 353 3160 Vestras
368 3101 400 3159 iu
415 3100 532 3160 chartas
545 3099 636 3161 rerba
650 3103 820 3162 transfertis
834 3118 900 3161 mea

233 3183 420 3262 Dignumque
434 3183 520 3261 longa
536 3185 673 3245 iudicatis
687 3188 840 3246 memoria.

234 3267 430 3339 inlitteratum
445 3267 579 3346 plausum
594 3287 648 3330 cur
663 3269 820 3330 desidero?

595 3404 786 3464 FABVLA
807 3404 833 3464 I.

522 3500 674 3553 Aonius
690 3503 746 3554 Eu
764 3502 903 3556 unum.

277 3588 333 3659 Qui
349 3596 436 3649 natus
450 3595 497 3649 est
510 3587 627 3652 infelix.
643 3607 703 3649 non
719 3591 808 3649 vitam
823 3589 909 3649 modo

234 3670 362 3734 'l'ristem
379 3673 526 3742 decurrit,
541 3688 646 3732 verum
660 3681 729 3753 post
741 3672 864 3734 obitum
875 3688 1001 3753 quoque
