2975 4234
185 476 188 481 ᾗ
300 399 335 448 vl
497 389 545 445 DE
558 388 720 454 PHAEDRI
733 389 821 445 VITA
834 390 882 445 ET
895 390 1062 448 scutrum.

298 537 447 600 stantibus
465 542 589 618 rogavit.
632 539 714 600 ldem
734 547 834 601 tamen
852 542 989 602 insecuto
1010 549 1144 621 tempore
1165 561 1182 603 a
1201 561 1253 603 no·

298 626 415 684 xiorum
435 627 555 685 iniuriis
574 631 655 686 tutus
675 631 704 685 et
724 643 793 685 cum
811 625 921 686 nullius
941 632 1060 704 praeter
1079 626 1189 687 famam
1207 629 1253 687 rei

299 716 378 769 esset
397 709 523 788 cupidus
543 711 615 769 sauls
634 709 739 770 beatus
763 709 881 770 videtur
899 711 1007 770 vixisse
1028 728 1084 771 nec
1103 713 1163 771 nisi
1184 729 1253 790 pro·

298 799 381 853 vecta
400 800 495 854 aetate
516 793 625 856 obisse.
669 793 783 855 Nomen
803 795 836 853 in
856 796 1032 872 antiquitate
1055 813 1089 854 ac
1108 813 1163 874 per
1184 814 1253 874 pro·
1295 791 1297 796 ’

298 880 377 938 xima
402 877 520 938 saecula
546 877 623 939 haud
644 881 685 939 ita
706 895 861 956 magnum,
889 881 1005 939 auctius
1031 879 1117 956 longe
1139 882 1252 940 recenti

298 968 431 1041 tempore
452 964 589 1041 optinuit.
633 963 807 1042 Aequalium
827 963 892 1022 eius
917 969 949 1023 ut
969 962 1104 1024 hbertini
1131 965 1253 1041 ingenio

299 1044 529 1107 obtrectantium
548 1047 690 1107 invidiam
709 1048 870 1125 plurimum
885 1049 967 1126 carpi
982 1054 1096 1108 constat
1118 1046 1155 1108 ab
1176 1051 1252 1128 ipso.

298 1129 437 1191 Ceterum
457 1131 493 1190 de
514 1133 574 1191 vita
595 1139 624 1192 et
644 1130 764 1191 casibus
783 1132 847 1192 eius
861 1149 930 1191 cum
944 1130 1016 1191 alibi
1036 1131 1112 1192 nihil
1132 1134 1171 1193 sit
1191 1140 1253 1193 tra·

298 1214 392 1274 ditum
413 1217 591 1294 antiquitus,
612 1215 754 1295 quicquid
772 1217 902 1276 innotuit
922 1217 1017 1295 ipsius
1032 1215 1172 1276 docemur
1187 1235 1252 1277 car·

298 1298 440 1359 minibus.

361 1383 488 1463 Scripsit
515 1392 615 1445 autem
641 1385 788 1464 Aesopum
816 1392 936 1445 secutus
964 1383 1131 1446 fabularum
1159 1385 1253 1447 libros

298 1469 443 1547 quinque,
470 1469 616 1548 equibus
640 1476 739 1529 tamen
760 1475 805 1529 sat
825 1469 933 1529 multas
954 1470 1143 1531 intercidisse
1164 1489 1253 1549 appa·

297 1559 345 1612 ret
369 1571 428 1613 non
452 1553 539 1614 modo
560 1552 673 1614 Perotti
696 1554 791 1631 copiis
812 1555 864 1633 qui
884 1553 984 1614 medio
1006 1553 1122 1615 saeculo
1149 1557 1252 1634 quinto

299 1636 414 1697 decimo
433 1655 504 1697 usus
517 1637 689 1698 membrana
710 1637 902 1717 locupletiore
924 1637 1019 1698 XXXI
1039 1645 1174 1717 poemata
1189 1657 1252 1698 ser·

297 1723 375 1781 ravit
398 1739 474 1800 quae
501 1740 560 1783 non
585 1724 778 1801 reperiuntur
801 1724 834 1782 in
859 1722 1014 1782 codicibus
1033 1721 1196 1783 Pithoeano
1222 1730 1253 1782 et

297 1804 437 1866 Remensi
457 1806 509 1867 sed
530 1813 560 1866 et
578 1805 695 1866 Romuli
715 1813 746 1866 et
765 1808 903 1884 anonymi
924 1806 1079 1867 cuiusdam
1098 1805 1252 1886 (Nilantia·

297 1908 369 1951 uum
392 1889 478 1967 vulgo
504 1889 684 1970 nuncupant)
715 1890 858 1968 exemplis
883 1893 935 1970 qui
961 1891 1098 1969 apologos
1124 1890 1252 1951 Phaedri

297 1974 454 2053 plerosque
471 1976 503 2033 iu
517 1974 685 2053 pedestrem
700 1975 847 2034 resolvere
863 1993 1039 2035 sermonem.
1071 1974 1110 2034 Et
1124 1992 1140 2034 e
1155 1977 1252 2053 primo

297 2058 397 2118 libello
423 2058 566 2137 quaedam
591 2061 706 2137 perisse
734 2061 830 2138 ipsius
859 2066 963 2138 poetae
993 2060 1164 2120 testimonio
1199 2059 1251 2119 ad·

298 2145 439 2212 struitur,
460 2144 570 2223 quippe
589 2145 640 2223 qui
655 2151 758 2204 narret
771 2145 802 2203 in
818 2161 854 2203 eo
868 2145 958 2203 etiam
973 2142 1097 2203 arbores
1111 2161 1177 2203 esse
1192 2143 1252 2203 col·

297 2227 424 2296 locutas,
442 2229 533 2286 cuius
553 2245 633 2287 nunc
654 2227 775 2306 quidem
795 2228 839 2287 rei
860 2245 915 2287 uec
935 2226 999 2287 vola
1019 2245 1074 2287 nec
1094 2229 1253 2304 vestigium

298 2319 386 2372 extat.
430 2311 587 2371 Praeterea
612 2312 774 2372 secundum
793 2311 929 2371 volumen
949 2320 979 2371 et
1000 2313 1136 2390 quintum
1157 2310 1252 2390 pluri·

297 2414 378 2456 mum
398 2395 475 2455 labis
495 2397 618 2456 traxisse
640 2398 704 2474 ipsa
725 2398 874 2474 paucitate
895 2394 1068 2456 fabellarum
1091 2396 1251 2456 indicatur.

298 2479 444 2559 Opuscula
466 2479 577 2540 Perotti
598 2481 680 2540 curis
699 2487 813 2540 servata
834 2479 912 2558 quod
933 2479 1053 2559 qiidam
1068 2487 1250 2558 negaverunt

190 2551 193 2571 ⁵
298 2582 363 2626 esse
378 2563 519 2634 Phaedri,
540 2563 615 2624 mihi
635 2564 755 2643 quidem
775 2582 835 2624 non
856 2582 942 2624 ovum
957 2582 1012 2625 ovo
1027 2565 1155 2625 simibus
1169 2564 1252 2624 vide·

296 2657 346 2709 tur
366 2666 454 2729 quam
473 2648 522 2708 illa
543 2649 668 2727 reliquis
688 2648 724 2708 de
739 2647 849 2729 quibus
863 2666 922 2708 non
937 2648 1106 2718 dubitatur,
1128 2649 1189 2709 sive
1203 2667 1252 2708 ra-

296 2734 394 2794 tiones
414 2734 578 2792 carminum
593 2734 749 2810 spectaris,
772 2734 833 2793 sive
850 2732 1014 2793 dictionum
1028 2740 1251 2811 metrorumque
1345 2794 1350 2803 ,

296 2818 504 2896 proprietates.
555 2816 629 2877 Puto
659 2824 757 2877 autem
785 2816 938 2876 Perottum
967 2834 1053 2876 usum
1083 2816 1252 2894 apographo

296 2901 431 2961 mutilato
460 2901 571 2961 codicis
600 2901 752 2980 archetypi
781 2900 927 2961 librorum
953 2899 1109 2960 Remensis
1138 2919 1172 2960 ac
1201 2901 1251 2961 Pi·

297 2985 433 3053 thoeani,
462 2992 525 3045 tum
554 2985 688 3044 coniecto
717 3002 785 3044 cum
813 2993 892 3045 esset
919 2985 1035 3061 integer
1063 2984 1123 3044 ille.
1168 2984 1251 3045 Vnde

296 3068 383 3131 lacile
398 3069 564 3146 exphcatur
578 3068 657 3148 quod
672 3071 807 3129 traiectis
822 3077 934 3129 temere
954 3068 1069 3137 verbis,
1092 3071 1164 3129 vitio
1179 3071 1252 3129 satis

297 3152 455 3230 singulari,
480 3170 568 3231 saepe
589 3160 619 3215 et
639 3154 671 3212 in
691 3153 794 3212 Italico
815 3162 846 3213 et
860 3155 892 3212 in
907 3152 1028 3213 Gallicis
1047 3152 1135 3213 libris
1149 3153 1250 3214 turba·

297 3245 368 3298 tum.
413 3235 471 3297 Sed
486 3237 522 3297 de
537 3236 593 3297 hac
606 3255 640 3297 re
655 3237 751 3297 dicam
766 3237 847 3298 allbi.
891 3237 1029 3297 Ceterum
1051 3254 1251 3316 eorumquae

296 3328 421 3382 aetatem
441 3320 537 3382 tulere
559 3320 772 3399 exemplarium
791 3322 851 3381 lata
872 3323 923 3400 qui
945 3320 1083 3399 pluribus
1103 3321 1180 3380 volet
1201 3339 1250 3381 co·

296 3423 456 3482 gnoscere,
491 3407 623 3465 inveniet
645 3405 722 3482 apud
745 3403 888 3466 Orellium
913 3407 944 3464 in
971 3405 1101 3465 editione
1123 3404 1250 3466 Phaedri
1293 3436 1296 3441 ’

296 3488 399 3549 Turici
420 3488 535 3566 vulgata
562 3507 588 3549 a.
612 3484 692 3550 1831
719 3496 750 3549 et
770 3490 897 3567 repetita
923 3491 1059 3566 proximo
1080 3506 1157 3548 anno
1182 3507 1250 3550 cum

297 3573 470 3652 appendice.

357 3655 391 3718 ln
412 3657 577 3736 deligendis
597 3657 833 3736 adornandisque
853 3656 976 3738 fabulis,
997 3675 1070 3737 quas
1090 3659 1199 3736 partim
1214 3676 1250 3719 ex
