2975 4234
640 397 748 472 nmen
767 417 816 473 ut

599 608 795 669 FABVLA
815 609 856 668 H.

450 716 685 768 PANTERA
702 715 758 767 ET
774 713 1000 770 PASTORES·

290 818 373 881 Solet
387 837 404 880 a
423 819 571 899 despectis
584 837 639 897 par
653 819 881 896 reierrivgratia.

249 905 397 968 Panthera
411 903 574 983 inprudens
589 903 659 964 olim
674 906 705 963 iu
720 904 835 964 foveam
850 902 970 963 decidit.

250 988 356 1051 Videre
371 995 518 1066 agrestes:
541 987 592 1049 alii
607 988 701 1048 fustes
716 993 890 1065 congerunt,

248 1073 306 1136 tui
321 1080 446 1133 onerant
459 1073 552 1132 sexis:
575 1072 696 1151 quidam
709 1079 812 1132 contra
826 1072 955 1131 miseriti

248 1157 404 1220 Periturae
418 1158 544 1236 quippe,
560 1158 694 1236 quamvis
708 1174 796 1216 nemo
810 1155 952 1224 laederet,

249 1241 357 1302 Misere
371 1259 492 1320 panem,
508 1248 542 1301 ut
557 1243 719 1300 sustineret
734 1241 883 1319 spiritum.

249 1325 314 1387 Nox
328 1327 462 1386 insecuta
476 1333 536 1386 est:
560 1323 671 1385 abeunt
684 1326 783 1385 securi
799 1324 928 1393 domum,

250 1410 340 1481 Quasi
355 1411 507 1470 inventuri
521 1419 668 1470 mortuam
682 1409 839 1488 postridie.

250 1496 287 1554 dt
301 1494 366 1564 illa,
381 1496 460 1554 vires
474 1501 508 1554 ut
521 1494 628 1554 reiecit
642 1493 806 1570 languidas,

250 1577 349 1640 Veloci
364 1577 440 1638 saltu
454 1579 538 1638 fovea
552 1595 618 1637 sese
633 1576 741 1637 liberat

250 1662 333 1724 utin
348 1661 445 1722 cubile
461 1663 578 1722 concito
592 1668 732 1740 properat
751 1661 856 1738 gradu.

250 1746 356 1808 Paucis
370 1745 476 1807 diebus
490 1747 676 1824 interpositis
691 1745 831 1824 provolat,

250 1831 346 1892 Pecus
360 1830 502 1900 trucidat,
518 1832 598 1909 ipsos
612 1837 747 1909 pastores
761 1837 856 1897 necat,

250 1915 287 1976 Et
302 1923 407 1977 cuncta
422 1921 540 1975 vastans
554 1916 646 1975 saevit
660 1916 738 1974 irato
753 1916 868 1992 inpetu.

250 2000 326 2061 Turn
341 1999 399 2060 sibi
414 2001 566 2069 timentes,
582 2001 634 2078 qui
648 1999 731 2059 ferae
746 2004 952 2078 pepercerant,
1178 2001 1210 2053 tt

222 2160 225 2167 Ι
251 2083 396 2145 damnum
410 2083 489 2144 haud
503 2092 657 2152 recusant,
674 2089 789 2143 tantum
803 2100 859 2162 pro
873 2085 933 2143 vita
947 2089 1062 2160 rogant.

252 2168 367 2230 Atina:
396 2168 517 2228 Memini
532 2169 584 2248 qui
599 2185 647 2228 rne
663 2185 733 2227 saxo
748 2169 878 2246 petierit,

251 2249 307 2320 Qui
322 2271 428 2331 panem
443 2252 574 2313 dederit:
597 2267 648 2311 vos
662 2253 769 2311 timere
784 2249 936 2320 absistite;

251 2334 312 2396 Illis
326 2344 461 2396 revertor
475 2336 585 2405 hostis,
602 2338 652 2415 qui
668 2353 715 2396 me
730 2335 890 2396 laeserunt.

598 2488 789 2548 FABVLA
810 2488 867 2547 ΠΙ.

482 2584 672 2636 ΔΕΒΟΡἾΒ
689 2586 744 2635 ET
762 2583 980 2638 RVSTIOVS·

294 2673 354 2733 Vsu
368 2673 484 2751 peritus
499 2671 612 2731 hariolo
628 2671 759 2730 velocior

252 2757 344 2834 Vuigo
359 2774 423 2816 esse
439 2756 544 2824 fertur,
560 2772 648 2815 causa
664 2754 716 2814 sed
731 2772 790 2814 non
805 2753 925 2823 dicitur,

252 2841 392 2902 Notescet
406 2857 481 2920 quae
497 2857 576 2899 nunc
590 2841 721 2917 primurn
735 2837 843 2898 fabella
857 2855 934 2899 mea.

294 2923 421 2985 Habenti
436 2924 553 2985 cuidam
567 2940 676 3002 peoora
690 2930 873 3002 pepererunt
887 2939 957 2982 oves

252 3008 351 3086 Agnos
365 3009 493 3070 humano
508 3010 614 3086 capite.
644 3007 775 3067 Monstro
790 3008 951 3067 exterritus

252 3092 297 3154 td
311 3092 507 3153 consulendos
521 3093 617 3152 currit
630 3109 768 3152 maerens
781 3091 921 3152 hariolos.

252 3176 308 3238 Hic
322 3178 474 3256 pertinere
489 3176 526 3236 ad
541 3176 653 3236 domiui
668 3175 828 3254 respondet
842 3180 931 3254 caput

252 3259 290 3322 Et
305 3260 496 3321 avertendum
511 3262 630 3321 victima
644 3260 820 3340 periculum.

252 3344 303 3406 Illo
318 3352 418 3406 autem
433 3344 568 3405 adfirmat
582 3347 739 3422 coniugem
754 3362 819 3405 esse
835 3344 999 3405 adulteram

252 3429 290 3492 Et
304 3431 437 3490 insitivos
452 3431 613 3507 significari
628 3428 750 3499 liberos,
804 3445 809 3454 ·
1180 3431 1213 3484 1⁰

253 3512 312 3575 Sed
327 3515 441 3594 expiari
455 3532 542 3593 posse
556 3515 669 3574 maiore
684 3513 791 3574 hostia.

253 3596 330 3668 Quid
345 3597 455 3659 multai
477 3597 574 3659 Variis
588 3597 735 3658 dissident
750 3598 908 3658 sententiis

254 3679 447 3763 Hominisque
462 3699 563 3744 curam
578 3700 650 3744 cura
663 3684 780 3744 maiore
794 3681 977 3761 adgrauant-
