2975 4234
668 398 818 455 LIBERI

266 552 361 629 Igitur
376 569 442 611 oum
459 563 582 609 currens
596 547 701 609 hibere
716 550 864 629 coepisset
877 552 969 620 canis,

268 634 318 696 Sic
333 634 514 696 corcodilus:
543 632 713 704 Quamlibet
726 632 825 694 lambe
841 635 918 704 otio;

267 718 336 780 Noli
349 721 458 780 vereri.
488 720 526 779 ht
539 717 605 778 ille:
634 717 778 779 Facerem
792 718 989 790 mehercules,

268 802 332 866 Nisi
348 821 412 866 esse
427 805 535 864 scirem
550 803 692 863 carniste
708 801 850 881 cupidum
864 820 959 865 meae.

585 953 777 1014 FABVLA
797 954 906 1014 XXVI.

525 1051 692 1104 mens
709 1052 765 1103 E‘P
783 1052 967 1106 cmome.

309 1138 388 1201 Nulli
403 1139 584 1201 nocendum:
607 1141 701 1217 siquis
716 1156 787 1198 vero
801 1137 931 1209 laeserit,

266 1223 448 1285 Multandum
463 1223 553 1284 simili
567 1224 632 1283 iure
651 1222 758 1283 labella
774 1223 920 1284 admonet

308 1309 418 1388 Vulpes
433 1308 470 1369 ed
484 1325 588 1367 cenam
602 1307 712 1367 dicitur
727 1309 873 1368 ciconiam

266 1391 352 1451 Prior
366 1394 505 1454 invitasse
521 1399 551 1451 et
564 1390 610 1451 illi
624 1393 656 1451 in
670 1393 771 1470 patina
785 1392 928 1471 liquidam

265 1474 403 1536 Posuisse
418 1475 624 1544 sorbitionem,
641 1493 728 1554 quam
743 1475 926 1536 nullomodo

267 1559 393 1620 Gustare
408 1562 542 1620 esuriens
556 1560 688 1638 potuerit
702 1561 825 1620 ciconia.

266 1641 348 1713 Quae
362 1644 480 1724 vulpem
495 1660 562 1703 cum
576 1650 758 1712 revocasset,
775 1645 880 1704 intrito
895 1642 964 1704 cibo

265 1727 387 1788 Plenam
401 1728 536 1805 lagonam
550 1728 664 1806 posuit:
686 1726 757 1787 huic
772 1735 901 1788 rostrum
916 1730 1053 1789 inserens

266 1811 397 1874 Satiatur
411 1813 475 1891 ipsa
490 1817 519 1872 et
533 1819 652 1890 torquet
665 1813 817 1872 convivam
831 1813 920 1872 lame.

266 1894 345 1966 Quae
360 1915 428 1957 cum
442 1896 564 1975 lagonae
579 1895 687 1956 collum
701 1897 812 1956 frustra
827 1895 982 1966 lamberet,
1190 1904 1224 1955 10

265 1978 458 2059 Peregrinam
471 1981 516 2042 sic
529 1980 656 2041 locutam
670 1980 822 2041 volucrem
836 1983 1020 2060 accepimust

266 2064 325 2125 Sua
339 2068 465 2145 quisque
481 2063 616 2144 exempla
631 2063 721 2124 debet
735 2083 829 2144 aequo
843 2066 942 2126 animo
957 2067 1028 2144 pati.

573 2219 764 2278 FABVLA
786 2219 910 2280 XXVII.

336 2314 461 2366 cums
477 2316 532 2367 ET
550 2316 803 2368 'PHIISAVRVS
820 2318 875 2369 ΕΦ
892 2319 1149 2375 mrvmvs,

351 2397 444 2480 [llaec
458 2419 508 2461 res
523 2404 619 2462 avaris
634 2421 699 2463 esse
714 2407 894 2465 conveniens
906 2413 1005 2484 potest

266 2480 303 2544 lit
315 2486 367 2562 qui
382 2483 509 2545 humiles
523 2488 585 2546 nati
600 2486 659 2546 dici
673 2486 835 2567 locupletes
850 2487 994 2569 student]

307 2567 440 2629 llumana
454 2568 597 2629 effodiens
611 2588 677 2630 ossa
691 2570 864 2632 thesaurum
880 2575 962 2633 canis

265 2650 380 2712 lnvenit
395 2660 425 2712 et
438 2652 563 2713 violarat
576 2655 645 2731 quia
659 2653 760 2714 Manes
773 2654 854 2725 deos,

265 2729 375 2797 lniecta
391 2743 437 2797 est
450 2736 495 2798 illi
510 2736 681 2798 divitiarum
696 2738 853 2816 cupiditas,

264 2817 377 2880 Poenas
389 2829 422 2881 ut
436 2827 555 2881 sanctae
562 2819 709 2899 Religioni
723 2823 878 2901 penderet.

264 2901 365 2982 ltaque
380 2922 485 2964 aurum
500 2905 571 2966 dum
585 2905 726 2976 custodit,
743 2905 852 2967 oblitus
867 2907 928 2968 eibi

265 2986 354 3047 Fame
370 2995 415 3049 est
429 2995 635 3068 consumptum
650 3008 738 3068 quem
753 2997 835 3052 stans
848 2991 994 3054 vulturius
1009 3012 1099 3074 super

265 3069 374 3131 Fertur
388 3069 520 3133 locutus:
550 3072 575 3134 0
590 3075 689 3143 canis,
705 3077 813 3134 merito
826 3077 916 3146 iaces,

262 3153 321 3224 Qui
336 3157 502 3236 concupisti
517 3157 617 3217 subito
632 3158 747 3234 regales
761 3177 842 3238 opes,

263 3237 364 3299 Trivio
378 3247 520 3319 concepte
535 3249 566 3304 et
580 3240 703 3302 educate
718 3251 861 3303 stercore.

563 3393 754 3454 FABVLA
779 3395 918 3456 XXVIII.

523 3491 689 3543 vvnPns
706 3492 761 3543 M
778 3493 954 3552 Aoum.

304 3575 442 3647 Quamvis
456 3575 598 3639 sublimes
614 3576 723 3639 debent
736 3577 864 3639 humiles
876 3588 1018 3651 metuere,

264 3657 398 3723 Vindicta
412 3660 502 3723 docili
516 3664 585 3743 quia
600 3670 683 3744 patet
696 3662 863 3726 sollertiae.
