2975 4234
263 401 305 467 30
539 405 699 461 PHAEDRI
719 404 942 462 unumve!

264 556 366 634 Ignem
379 569 454 632 ergo
465 572 628 634 quaerens,
645 556 757 635 aliquot
770 555 905 618 lustravit
919 555 1033 622 domus.

264 638 455 720 Tandemque
470 641 598 709 invenit,
614 638 667 700 ubi
681 639 833 700 lucernam
848 640 1033 701 accenderet.

264 723 341 786 'lum
356 726 469 784 circum
485 726 566 784 eunti
582 725 680 783 luerat
694 724 772 803 quod
787 725 847 784 iter
860 724 986 802 longius,

264 808 370 869 Effecit
383 807 518 868 brevius:
542 825 668 886 namque
683 815 766 868 recta
781 826 837 887 per
850 809 947 871 iorum

264 892 369 972 Coepit
382 892 493 953 redire.
522 891 560 952 ut
574 892 694 972 quidam
709 911 725 952 e
740 891 827 952 turba
842 893 992 971 garrulus:

264 979 393 1056 Aesopo,
409 976 508 1036 medio
523 975 584 1036 sole
598 977 670 1055 quid
686 995 753 1038 oum
767 977 898 1037 lumine?

263 1061 434 1130 Hominem,
450 1062 562 1139 inquit,
577 1079 704 1140 quaero,
721 1069 752 1120 et
766 1059 840 1122 abiit
854 1061 998 1122 festinans
1013 1061 1142 1123 domum.

305 1145 367 1206 Hoc
382 1147 408 1206 si
423 1145 563 1205 molestus
577 1145 626 1204 ille
642 1146 679 1206 ad
694 1148 826 1206 animum
840 1145 965 1215 rettulit,

264 1229 364 1290 Sensit
377 1230 512 1309 profecto
525 1247 558 1288 se
572 1229 723 1290 hominem
738 1248 797 1290 non
812 1231 908 1290 visum
923 1232 997 1299 seui,

263 1313 473 1393 Intempestive
487 1315 540 1393 qui
558 1321 701 1392 occupato
716 1314 869 1374 adluserit.

648 1447 835 1516 rodum

306 1567 471 1646 Supersunt
485 1565 560 1626 mihi
574 1584 650 1646 quae
665 1565 810 1635 scribam.
826 1566 879 1627 sed
893 1584 982 1646 parco
996 1568 1111 1638 scieus;

263 1652 397 1713 Primum
411 1669 476 1712 esse
490 1650 593 1711 videar
607 1668 644 1710 ne
660 1648 716 1711 tibi
732 1650 892 1720 molestior,

263 1736 422 1812 Distringit
435 1753 523 1815 quem
538 1735 697 1795 multarum
711 1753 814 1794 rerum
828 1737 972 1806 varietas;

264 1820 340 1883 Dein
355 1821 449 1898 siquis
463 1819 567 1879 eadem
581 1820 658 1879 sorte
675 1821 777 1879 conari
792 1819 873 1889 velit,

264 1904 380 1965 Habere
396 1911 429 1963 ut
443 1906 536 1982 possit
550 1903 660 1983 aliquid
675 1906 776 1981 operis
790 1903 918 1964 residui:

264 1988 403 2059 Quamvis
417 1989 654 2048 materiaetanta
669 1986 802 2048 abundet
816 1991 910 2066 copia,

151 2066 154 2070 ’
264 2073 373 2134 Labori
387 2069 473 2132 saber
487 2079 521 2132 ut
535 2071 627 2140 desit,
644 2089 703 2132 non
718 2071 804 2133 labro
817 2071 911 2132 labor.

263 2157 408 2218 Brevitati
422 2163 541 2216 nostrae
555 2157 721 2235 praemium
735 2164 770 2217 ut
783 2156 904 2224 reddas,
920 2163 1000 2235 peto,
1112 2181 1115 2187 ·

264 2241 347 2312 Quod
362 2260 394 2301 es
408 2239 571 2320 pollicitus:
594 2240 702 2300 exhibe
718 2243 798 2300 vocis
811 2241 909 2301 iidem.

264 2326 338 2386 Nam
353 2328 413 2385 rita
427 2325 515 2386 morti
530 2326 651 2404 propior
665 2332 712 2384 est
725 2324 843 2394 cotidie,

263 2411 302 2471 Et
315 2411 371 2471 hoc
386 2411 484 2470 minus
498 2411 652 2487 perveniet
666 2408 702 2468 ad
718 2427 765 2468 me
781 2410 922 2478 muneris,

264 2495 328 2566 Quo
342 2494 408 2574 plus
422 2502 577 2554 consumet
591 2494 734 2572 temporis
749 2492 861 2553 dilatio.

264 2579 297 2641 Si
312 2581 371 2640 cito
385 2596 449 2638 rem
464 2594 604 2658 perages,
620 2595 692 2638 usus
705 2578 757 2638 flet
769 2577 901 2654 longior:

264 2665 360 2725 Fruar
375 2663 503 2732 diutius,
519 2664 545 2722 si
560 2662 688 2722 celerius
703 2679 819 2741 cepero.

263 2748 445 2825 Languentis
459 2747 523 2806 aevi
538 2746 608 2807 dum
622 2754 691 2807 sunt
705 2746 820 2826 aliquae
834 2746 987 2824 reliquiae,

264 2832 380 2892 Auxilio
394 2831 477 2891 locus
491 2837 551 2890 est:
574 2830 643 2890 olim
659 2833 742 2891 senio
757 2829 887 2891 debilem

265 2916 386 2977 Frustra
401 2915 538 2975 adiurare
554 2913 670 2974 bonitas
684 2916 797 2975 nitetur
810 2924 869 2984 tua,

265 3001 337 3063 Cum
352 3001 411 3059 iam
426 2999 550 3058 desierit
564 3017 629 3057 esse
645 2997 773 3059 benficio
787 2998 870 3060 utilis

265 3083 302 3145 Et
316 3102 397 3144 mors
409 3084 507 3143 vicina
521 3081 667 3160 flagitabit
683 3081 827 3144 debitum.

265 3168 392 3230 Stultum
408 3167 562 3227 admovere
577 3166 633 3227 tibi
648 3185 754 3246 preces
768 3169 914 3236 existimo,

264 3252 408 3314 Proclivis
422 3251 500 3311 ultro
515 3268 581 3311 cum
596 3253 635 3311 sit
652 3252 866 3312 misericordia.

265 3337 359 3416 Saepe
374 3335 535 3414 inpetravit
548 3337 662 3395 veniam
678 3337 830 3398 confessus
844 3352 930 3396 reus:

265 3420 379 3491 Quanto
393 3420 544 3480 innocenti
558 3421 666 3480 iustius
679 3419 768 3480 debet
784 3418 867 3480 dari?

265 3505 346 3565 Tuae
361 3512 430 3564 sunt
444 3510 558 3583 partes;
573 3505 694 3564 luerunt
709 3504 833 3564 aliorum
848 3504 940 3581 prius

265 3589 340 3650 Dein
354 3587 445 3650 simili
460 3605 532 3667 gyro
546 3590 664 3648 venient
679 3588 804 3648 altorum
818 3588 907 3648 vices.

262 3672 396 3733 Decerne
411 3672 490 3752 quod
504 3671 624 3750 religio,
640 3673 717 3753 quod
732 3673 845 3753 patitur
859 3671 940 3736 tides.
