2975 4234
463 400 511 454 nu
526 375 686 455 pulmon
700 399 788 455 mm
801 399 849 454 51
861 399 1028 458 sonmms.
1172 413 1223 460 vn

265 552 380 630 Aesopo
399 551 445 612 vel
465 551 582 613 aliunde
602 551 754 612 transtulit
773 539 876 612 auctor
895 554 1002 631 partim
1016 552 1135 613 novavit
1148 552 1222 628 ipse,

266 637 422 717 aliquando
437 637 582 697 iudicium
597 637 765 706 desideres,
780 655 837 697 nec
853 655 922 698 vero
936 639 1150 716 proprietatem
1163 635 1223 712 logi

266 721 385 801 Aesopii
405 723 477 782 satis
496 728 578 782 recte
599 730 650 782 aut
669 724 858 800 perspexisse
879 729 931 782 aut
944 728 1131 801 perspectam
1146 722 1222 798 opti·

265 808 366 867 nuisse
381 806 498 867 videtur
518 806 607 868 idem.
649 806 703 866 Est
721 816 822 866 tamen
836 805 889 866 ubi
909 809 1041 867 carmina
1063 808 1129 866 cius
1143 804 1224 864 omni

266 890 410 969 elegantia
430 890 565 952 llorcant.
610 891 725 951 Genere
751 891 870 951 dicendi
895 893 990 951 utitur
1009 898 1043 951 nt
1062 890 1223 969 plurimum

265 975 344 1036 facili
370 982 401 1036 et
427 975 559 1044 urbano,
593 975 751 1054 aliquando
777 993 847 1036 sane
877 991 995 1055 parum
1013 974 1136 1036 subacto
1166 989 1223 1032 nec

265 1061 337 1121 satis
356 1059 433 1120 laeto
453 1067 504 1120 aut
522 1060 630 1120 vivido.
672 1059 705 1120 ld
719 1061 823 1120 vitium
838 1062 964 1121 maxime
985 1059 1136 1121 declarant
1154 1056 1222 1118 abs·

264 1151 357 1205 tracta
381 1145 479 1223 posita
504 1162 558 1224 pro
584 1145 732 1205 concretis
762 1139 861 1224 qualia
892 1144 985 1205 habes
1015 1143 1150 1205 versibus
1174 1143 1222 1202 his

264 1230 343 1289 ‘tum
357 1228 477 1290 demum
491 1230 635 1307 ingemuit
655 1231 736 1289 corvi
751 1229 894 1309 deceptus
906 1231 1027 1307 stupor'
1053 1230 1115 1289 ‘sic
1129 1234 1222 1288 totam

265 1313 405 1393 praedam
419 1313 480 1374 sola
494 1314 661 1393 inprobitas
675 1313 813 1374 abstulit'
834 1314 912 1374 aliis.
947 1313 1029 1373 ldem
1049 1312 1128 1393 quod
1142 1311 1222 1372 haud

264 1399 306 1458 lta
320 1415 389 1458 raro
403 1415 509 1475 gracco
524 1398 666 1459 vocabula
680 1397 831 1468 adhibuit,
848 1398 1016 1459 fabularum
1030 1417 1085 1477 per
1099 1397 1222 1457 humum

263 1483 433 1561 repentium
448 1480 492 1557 (ut
505 1483 620 1544 Horatii
635 1481 735 1543 verbis
750 1481 826 1562 utar)
842 1485 1024 1562 proprietate
1046 1491 1077 1542 51
1089 1499 1221 1542 commu·

263 1567 311 1626 nis
331 1567 408 1626 vitae
429 1584 485 1628 usu
505 1569 578 1628 satis
599 1575 766 1627 excusatur.
810 1566 899 1627 Valde
920 1567 1039 1627 excellit
1059 1568 1147 1626 metri
1169 1583 1220 1644 pe·

263 1651 349 1721 ritia,
377 1657 410 1711 ut
429 1657 528 1712 tamen
547 1669 652 1712 versus
671 1654 736 1711 eius
756 1669 827 1711 cura
847 1652 1035 1731 potissimum
1057 1660 1087 1711 et
1107 1650 1220 1718 labore,

262 1753 323 1795 non
344 1735 469 1813 perinde
489 1738 586 1797 nativo
607 1736 733 1815 quodem
754 1736 855 1814 lepore
877 1733 976 1816 (quem
996 1738 1107 1795 sentias
1126 1736 1221 1811 magis

263 1836 352 1898 quam
372 1819 533 1900 describas)
555 1829 706 1902 praestare
727 1822 905 1880 existimem.
946 1820 1005 1881 Sed
1025 1820 1062 1880 de
1083 1820 1131 1879 bis
1150 1836 1220 1898 pro·

262 1905 343 1964 ximo
359 1907 455 1983 capite
470 1904 660 1966 disseremus.

325 1987 363 2048 ll.
400 1988 474 2050 Nam
501 2007 568 2050 cum
583 1989 774 2058 Teubnerus,
802 1988 964 2069 bibliopola
985 1990 1219 2058 honestissimus,

263 2089 311 2135 me
325 2081 459 2150 rogasset
478 2081 511 2134 ut
524 2072 653 2134 Pbacdri
669 2072 796 2135 Fabulas
814 2093 831 2134 a
845 2073 999 2135 1115551515
1014 2075 1109 2135 editas
1123 2073 1220 2134 denuo

263 2173 521 2234 recognoscerem,
543 2159 682 2238 equidem
696 2160 824 2219 maxime
839 2160 871 2218 in
886 2178 921 2219 eo
942 2159 1126 2237 diligentiam
1140 2161 1220 2238 posi·

263 2247 323 2301 tam
344 2241 421 2303 volui
441 2251 474 2302 ut
494 2246 616 2304 metrica
639 2261 687 2303 ars
706 2250 812 2322 poetae
827 2243 923 2322 qualis
938 2252 1017 2304 55551
1032 2245 1151 2304 tandem
1166 2244 1219 2304 ali·

264 2325 381 2403 quando
398 2326 486 2403 plene
512 2336 679 2407 appareret.
720 2327 823 2406 ltaque
848 2331 979 2406 primum
999 2331 1132 2388 omnium
1150 2347 1220 2407 pro·

263 2409 376 2488 mythic
396 2412 560 2472 carminum
580 2431 596 2472 a
615 2412 734 2472 Perotto
756 2420 940 2472 servatorum
959 2415 991 2473 in
1008 2421 1136 2473 metrum
1150 2431 1219 2472 con·

263 2501 341 2553 torta
371 2512 387 2554 a
416 2496 564 2556 nonnullis
592 2497 724 2575 pedestri
755 2498 881 2556 orationi
909 2499 1044 2567 restitui,
1076 2515 1132 2556 nec
1160 2515 1220 2556 non

264 2577 379 2638 fabulas
405 2579 441 2638 de
463 2579 587 2640 Romulo
614 2580 660 2640 vel
686 2581 805 2640 aliunde
826 2582 953 2642 adscitas
980 2589 1011 2641 et
1033 2582 1121 2642 Gudii
1143 2581 1219 2641 Bur·

264 2663 364 2722 manni
384 2662 532 2724 Dressleri
558 2683 648 2742 opera
673 2664 811 2724 versibus
836 2673 970 2726 exaratas
990 2666 1172 2726 foedissimis
1191 2672 1221 2726 et

265 2745 302 2806 ab
329 2754 393 2808 arte
419 2746 547 2809 Phaedri
574 2748 766 2809 alienissimis
791 2750 867 2809 eieci
893 2768 1010 2819 omnes,
1041 2769 1109 2811 cum
1133 2768 1219 2829 prae·

265 2833 369 2892 sertim
395 2849 433 2892 ne
459 2833 515 2892 hcc
535 2833 655 2911 quidem
683 2841 762 2894 55551
786 2844 938 2911 apertum,
967 2853 1003 2894 ex
1023 2835 1113 2895 huius
1134 2834 1221 2895 libris

264 2915 390 2992 integrus
411 2935 449 2976 an
469 2917 586 2977 aliunde
607 2917 712 2978 ductae
735 2926 835 2978 essent
848 2919 1018 2998 pleraeque.
1053 2919 1120 2998 lpse
1140 2921 1219 2979 enim

265 3015 302 3058 ne
322 3006 498 3079 temptarem
519 3004 551 3062 in
573 3003 679 3063 melius
702 3003 769 3062 illas
791 3004 939 3080 reingere
961 3003 1133 3082 prohibitus
1154 3021 1219 3064 sum

264 3084 394 3161 primum
419 3103 454 3145 eo
481 3086 559 3165 quod
584 3088 629 3146 vel
651 3088 716 3147 sine
744 3086 804 3147 illis
831 3090 903 3148 satis
927 3107 1075 3168 superque
1100 3106 1219 3166 poema·

264 3173 329 3227 tum
349 3176 506 3248 suppetere
521 3170 673 3231 constabat
688 3173 754 3230 usui
769 3171 951 3242 scholarum,
973 3172 1080 3232 dcinde
1095 3173 1173 3252 qucd
1188 3174 1220 3232 in

264 3259 345 3312 tanta
366 3251 482 3314 Romuli
509 3263 538 3314 et
563 3259 700 3334 anonymi
720 3255 884 3316 Nilantiani
905 3255 1045 3317 barbarie
1070 3266 1120 3318 aut
1144 3275 1219 3316 nova

263 3354 330 3396 meo
349 3338 482 3416 periculo
502 3340 693 3419 conponenda
709 3358 774 3400 esse
788 3340 926 3401 videbam
952 3343 1082 3402 carrrrina
1108 3349 1159 3402 aut
1182 3340 1219 3400 il·

263 3419 322 3481 lam
335 3428 500 3482 metrorum
520 3423 740 3503 dictionumque
761 3426 954 3486 vitiositatem
968 3425 1155 3486 retinendam
1169 3429 1218 3488 cui

263 3507 380 3583 priores
394 3506 589 3569 indulserant.
618 3507 721 3588 Itaque
736 3527 858 3589 operam
871 3528 976 3570 vanam
990 3528 1045 3569 nec
1060 3518 1111 3570 aut
1124 3511 1218 3572 Phae·

263 3588 317 3648 dro
333 3597 383 3650 aut
396 3593 498 3670 ipsius
506 3591 646 3652 studiosis
659 3593 845 3672 profuturam
861 3595 920 3653 cito
934 3593 1081 3654 damnavit
1091 3597 1229 3653 animus.

263 3672 401 3735 Ceterum
413 3693 448 3735 eo
459 3676 571 3736 maiore
584 3693 656 3737 cura
666 3678 741 3751 caui,
754 3679 841 3738 utin
851 3670 1258 3737 staceatstcsxmsxtsces
