2975 4234
262 384 307 450 22
543 391 703 448 PHAEDRI
724 392 948 448 FABVLARVM

266 544 397 622 Aesopus
410 539 454 602 lbi
469 549 564 612 stans,
579 544 662 604 naris
676 551 831 604 emunctae
845 561 944 614 senex,

264 625 376 689 Natura
391 623 551 705 numquam
565 626 657 687 verba
666 629 720 701 cui
735 629 832 706 potuit
846 627 929 688 dare:
1193 633 1226 685 tt

266 707 298 770 Si
313 727 475 790 procurare
490 713 536 772 vis
551 718 714 781 ostentum,
730 714 853 781 rustice,

266 794 392 865 onres,
407 796 520 874 inquit,
535 795 573 856 da
588 797 648 856 tuis
662 795 844 874 pastoribus.

608 948 803 1008 FABVLA
824 947 878 1009 IV.

542 1045 701 1098 LANIVS
718 1047 773 1097 ΕΤ
792 1046 947 1100 sume.

307 1130 441 1192 Pendere
457 1131 494 1192 ad
508 1131 620 1193 lanium
635 1132 756 1211 quidam
770 1132 846 1193 vidit
860 1135 988 1203 simium,

265 1214 347 1276 luter
361 1215 489 1276 relicuas
503 1234 618 1278 merces
632 1223 720 1295 atque
736 1219 875 1296 opsonla;

266 1297 432 1370 Quaesivit,
447 1300 588 1380 quidnam
603 1300 740 1379 saperet?
770 1300 846 1361 Tum
860 1301 956 1361 lanius
970 1303 1087 1362 locans:

266 1382 372 1455 Quale,
387 1386 500 1464 inquit,
515 1392 603 1464 eaput
618 1391 679 1454 est,
694 1384 764 1445 talis
777 1391 945 1464 praestatur
959 1402 1056 1465 sapor.

307 1468 441 1530 Ridicule
457 1471 551 1546 magis
564 1468 620 1530 hoc
636 1469 749 1530 dictum
764 1487 852 1548 quam
866 1487 936 1530 vere
950 1472 1094 1531 aestimor

265 1550 389 1623 Quando
405 1559 435 1614 et
448 1553 594 1615 lormosos
607 1571 695 1632 saepe
711 1555 811 1614 inveni
827 1557 984 1632 pessimos,

266 1635 303 1698 llt
317 1639 398 1717 turpi
413 1637 488 1698 iscis
503 1638 611 1699 multos
626 1639 750 1715 cognovi
765 1639 902 1716 optimos.

621 1789 813 1851 FABVLA
833 1789 872 1850 V.

487 1886 677 1940 Amsofvs
693 1887 750 1938 ΕΤ
766 1887 1002 1942 ΡΕΤΠιΑΝΒ.

309 1972 470 2034 Successus
485 1973 522 2034 ad
536 1974 702 2053 perniciem
717 1974 825 2035 multos
839 1974 970 2034 devocat.

266 2059 379 2138 Aesopo
394 2057 514 2139 quidam
528 2057 664 2137 petulans
678 2058 807 2138 lapidem
822 2059 987 2137 inpegerat.

267 2141 374 2212 Tanto,
391 2144 503 2222 inquit,
519 2142 637 2203 melior!
667 2142 771 2204 Assem
785 2143 893 2203 deinde
907 2143 951 2203 illi
966 2141 1058 2212 dedit,

267 2225 317 2288 Sic
331 2235 519 2307 prosecutus:
548 2226 618 2288 Plus
632 2245 691 2288 non
706 2227 802 2288 habco
816 2227 994 2297 mehercule,

266 2309 342 2380 Sed,
359 2310 437 2372 unde
452 2312 587 2390 accipere
602 2313 712 2391 possis,
728 2309 899 2372 monstrabo
913 2310 980 2372 tibi.
1207 2317 1224 2367 t

267 2393 354 2456 Venit
368 2413 438 2456 ecce
453 2395 535 2456 dives
550 2401 580 2454 et
593 2403 711 2474 potens:
734 2395 804 2456 huic
819 2395 957 2456 similiter

268 2477 399 2559 lmpinge
414 2479 542 2558 lapidem
557 2487 586 2539 et
602 2479 724 2556 dignum
739 2481 867 2558 accipies
882 2483 1058 2559 praemium.

266 2563 430 2625 Persuasus
443 2563 492 2624 ille
507 2563 594 2634 iecit,
610 2563 689 2644 quod
704 2566 835 2625 monitus
848 2563 921 2634 iuit;

268 2647 326 2709 Sed
341 2666 409 2726 spes
423 2647 530 2708 fefellit
544 2648 737 2727 inpudentem
753 2648 922 2709 audaciam:

267 2731 455 2811 conprensus
468 2749 595 2811 namque
609 2750 720 2811 poenas
734 2733 877 2812 persolvit
892 2750 990 2794 cruce.
1192 2737 1225 2788 to

636 2883 828 2944 FABVLA
849 2885 903 2949 VI.

535 2981 696 3033 mvscA
722 2982 783 3032 ΕΤ
810 2982 954 3035 mvn.

307 3067 406 3129 llusea
420 3069 452 3128 in
466 3075 582 3128 temone
597 3068 675 3128 sedit
689 3075 719 3128 et
733 3068 843 3130 mulam
857 3071 1031 3148 increpans:
1087 3146 1089 3148 V

266 3150 360 3223 Quam
373 3151 459 3213 tarda
474 3152 521 3213 es!
542 3154 654 3231 inquit,
670 3170 729 3213 non
743 3154 789 3214 vis
803 3155 892 3214 eitius
906 3151 1064 3232 progredii
1083 3193 1086 3198 -

169 3236 183 3316 Ἰ
266 3237 354 3307 Vide,
370 3255 408 3297 ne
424 3236 528 3311 dolone
543 3237 649 3298 collum
664 3255 850 3316 conpungam
864 3236 932 3298 tibi.

266 3320 432 3400 Respondit
445 3320 509 3382 illa:
538 3319 645 3382 Verbis
660 3340 719 3382 non
733 3339 853 3382 moveor
867 3323 943 3392 tuis:

267 3404 326 3466 Sed
341 3407 431 3466 istum
444 3408 549 3475 timeo,
566 3405 636 3465 sella
651 3407 702 3484 qui
717 3408 814 3485 prima
828 3405 935 3466 sedens

266 3488 370 3568 lupum
384 3489 499 3568 llagello
513 3497 658 3569 temperat
677 3491 758 3550 lento
772 3508 871 3570 meum

266 3573 305 3635 Et
318 3592 370 3634 ora
384 3575 479 3635 irenis
493 3576 624 3634 eontinet
638 3573 853 3653 spumantibus.

267 3657 452 3738 Quapropter
467 3659 551 3720 auier
564 3657 701 3720 frivolam
715 3659 921 3731 insolentiam,
