2975 4234
419 401 468 457 DE
481 401 643 456 PHAnnnr
657 400 744 456 VITA
758 399 806 455 ΕΤ
819 398 986 456 scurrula.
1115 409 1181 457 xlii

223 547 258 621 6,
274 547 295 612 9
316 569 384 612 nam
399 558 429 611 et
443 550 496 612 ubi
518 550 685 612 tricandum
701 557 732 610 et
746 548 799 610 ubi
814 549 996 610 currendum
1011 550 1051 609 sit
1065 551 1127 610 scio
1140 583 1181 596 -

223 635 275 696 ubi
296 638 335 697 sit
348 635 524 696 tardandum
540 642 570 695 et
584 635 662 696 ultro
686 634 869 695 currendum
883 637 955 695 scio.
1001 631 1036 704 7,
1051 629 1094 694 25
1116 650 1181 711 age,

223 719 306 780 abire
326 721 412 800 siquo
433 727 479 780 est
498 721 614 780 animus
635 719 668 779 L.
684 717 723 779 M.
744 751 787 762 -
807 735 860 796 age
883 721 909 779 si
929 737 988 798 quo
1008 718 1093 779 abire
1111 736 1138 778 e.
1154 735 1181 781 a.

223 800 278 874 10,
298 799 341 865 49
361 805 562 865 rimasset-
586 803 727 864 limasset.
771 802 814 862 11.
830 799 871 863 51
894 805 1011 863 animus
1032 803 1066 863 L.
1081 801 1121 862 M.
1141 836 1183 847 -

222 890 313 948 auris.
345 885 394 958 11,
409 884 430 949 3
450 886 627 948 1010110-
642 889 786 966 corporis.
818 883 867 956 13,
885 883 902 947 1
920 888 1055 947 fecerant
1068 903 1183 966 quercu

221 1006 263 1016 —
277 989 389 1052 quercu
409 973 552 1033 fecerant.
589 972 631 1032 ib.
650 969 688 1032 13
711 971 762 1032 tali
777 974 825 1032 ins
839 971 910 1032 tulit
930 973 1077 1031 sententia
1092 970 1126 1031 L.
1143 970 1182 1032 M.

201 1071 263 1103 '-
278 1056 366 1118 talem
387 1056 513 1136 protulit
535 1058 721 1117 sententiam.
760 1051 848 1125 15,1
870 1055 982 1134 palanti
996 1089 1039 1100 —
1060 1053 1182 1116 balanti

223 1137 312 1210 18,3
338 1140 504 1202 avibus-
525 1140 659 1201 auribus.
705 1136 759 1210 19,
780 1136 801 1201 5
823 1142 937 1200 circum
957 1141 1039 1200 eunti
1061 1142 1182 1201 -111-

221 1226 352 1287 cueunti.
396 1224 465 1304 epil.
486 1221 507 1283 2
534 1242 599 1285 esse
620 1224 723 1284 ridear
743 1242 781 1284 ne
802 1223 859 1284 tibi
878 1258 921 1268 -
941 1242 987 1303 pr.
1009 1242 1036 1284 e.
1058 1241 1087 1283 n.
1109 1230 1132 1285 t.
1154 1243 1182 1284 v.

221 1308 263 1369 ib.
280 1305 319 1370 18
335 1309 463 1370 benlicio
477 1309 511 1369 L.
526 1309 565 1369 M.
580 1343 623 1354 -
638 1308 793 1369 beneficio.

283 1393 330 1454 lv.
359 1393 435 1473 prol.
450 1391 473 1452 4
491 1394 560 1454 talis
574 1397 665 1454 etiarn
679 1393 759 1454 tituli
775 1400 822 1453 est
836 1400 1034 1472 appetens-
1055 1400 1077 1452 t.
1094 1400 1140 1453 est
1154 1411 1182 1454 e.

147 1488 152 1497 “
220 1483 243 1538 1.
259 1495 286 1538 0.
321 1473 399 1539 115
420 1496 479 1557 qno
501 1495 560 1538 non
581 1487 667 1557 pacto
687 1477 841 1555 indagabit
862 1478 896 1539 L.
912 1477 950 1537 M.
966 1495 1082 1556 —quo
1097 1484 1183 1556 pacto

221 1561 445 1623 demonstrabit.
470 1562 512 1622 ib.
527 1558 567 1623 12
582 1565 650 1642 quia
665 1580 775 1641 paucas
789 1562 838 1622 ille
854 1561 995 1630 ostendit,
1011 1578 1066 1639 ego
1081 1561 1183 1640 plnres

220 1646 285 1706 fero
299 1680 342 1690 -
355 1663 386 1725 p.
402 1664 429 1706 o.
446 1649 477 1716 1.,
494 1665 521 1706 1.
537 1646 638 1725 plures
653 1646 777 1707 dissero.
806 1643 868 1715 2,1
885 1645 1015 1707 ioculare
1031 1644 1087 1705 1111
1101 1646 1183 1706 vide·

222 1739 272 1790 tur
301 1763 344 1776 —-
373 1729 498 1790 ioculari
526 1729 584 1790 tibi
612 1730 757 1791 videmur.
800 1725 906 1791 11.15
933 1729 1008 1790 alter
1033 1729 1181 1800 similiter,

221 1813 328 1875 deinde
348 1816 428 1893 parit
448 1821 479 1874 et
499 1816 606 1875 tertius
626 1849 668 1860 -
683 1835 709 1876 a.
726 1833 750 1875 s.
765 1816 872 1894 periit,
895 1810 1003 1874 deinde
1019 1821 1050 1874 et
1063 1815 1182 1875 tertius.

144 1942 148 1947 -
220 1894 250 1968 4,
265 1895 285 1960 5
300 1898 380 1959 redit
393 1932 435 1942 -
449 1898 549 1960 rediit.
575 1896 605 1969 5,
621 1896 662 1960 38
683 1899 840 1978 villamque
854 1932 896 1942 -
910 1901 995 1958 vites.
1023 1894 1059 1968 6,
1074 1894 1096 1959 2
1110 1916 1183 1978 quo·

221 2001 288 2043 rum
308 1990 339 2044 et
351 2015 395 2030 ·-
409 1985 505 2043 cuins.
542 1980 576 2052 7,
594 1979 634 2044 10
654 1987 737 2062 ponti
753 1985 792 2043 cl.
809 1984 838 2043 d.
854 2001 880 2043 r.
893 2001 933 2042 m.
949 1979 1012 2043 378
1026 2016 1069 2029 —
1084 1982 1180 2044 Ponti.

222 2063 250 2137 8,
265 2063 288 2126 4
302 2066 370 2128 cibo
381 2101 420 2112 -
433 2067 504 2128 cibi.
536 2064 617 2136 11,3
632 2070 684 2148 qni
699 2068 856 2145 sacrilegio
872 2075 997 2128 onustus
1007 2100 1049 2110 —
1060 2074 1183 2127 onustus

222 2153 273 2230 qui
288 2152 454 2230 sacrilegio.
486 2149 525 2212 17
542 2161 739 2231 totamaeque
751 2159 896 2212 -totam
912 2153 992 2231 quia.
1024 2146 1104 2219 18,5
1120 2169 1182 2211 ma·

220 2237 299 2294 xime
310 2235 344 2297 L.
358 2236 395 2296 M.
407 2268 451 2282 —-
465 2238 632 2297 maximam.
659 2235 702 2296 ib.
718 2233 758 2297 19
774 2257 816 2307 1.,
830 2237 882 2297 sed
893 2236 994 2304 multo,
1012 2235 1130 2315 replent
1140 2269 1183 2280 —

224 2337 251 2379 a.
267 2319 369 2379 sedulo
383 2338 409 2380 r.
425 2319 468 2380 ib.
483 2339 510 2380 v.
522 2317 573 2382 35.
587 2317 630 2382 36
645 2322 754 2382 seclusi
770 2324 891 2401 antiqua
905 2321 1033 2381 lectione
1048 2320 1182 2381 reducta.

221 2398 278 2474 20,
300 2400 320 2464 3
342 2405 475 2465 intimam
496 2437 539 2453 -ν
560 2405 614 2466 ult.
656 2401 712 2476 22,
734 2402 756 2466 4
778 2407 892 2465 circum
911 2408 957 2466 ire
979 2437 1021 2450 -
1041 2407 1182 2465 circuire.

221 2482 300 2548 ib.8
320 2494 353 2548 ut
367 2489 451 2548 aiunt
471 2497 557 2548 natus
578 2524 620 2534 -
641 2499 727 2550 natus
747 2497 783 2550 nt
804 2492 895 2550 aiunt.
937 2489 979 2549 ib.
996 2489 1048 2549 Cia
1068 2523 1110 2532 -
1126 2489 1183 2549 Cea

220 2568 265 2632 24
278 2573 345 2632 init.
362 2572 401 2632 cl.
417 2571 464 2631 ed.
485 2572 535 2632 01.
565 2573 606 2634 11.
625 2571 758 2634 11-17
780 2576 821 2633 ita
844 2573 979 2632 ordinavi
997 2570 1046 2632 11.
1064 2568 1114 2632 15.
1132 2568 1181 2646 12.

224 2653 273 2717 17.
298 2653 347 2718 16.
371 2652 420 2716 13.
442 2652 492 2716 14.
514 2663 544 2716 ct
564 2675 589 2715 v.
615 2654 653 2718 17
676 2659 734 2717 iam
755 2675 771 2716 a
792 2657 926 2717 Bentleio
946 2674 1005 2735 qno
1026 2655 1184 2734 oportebat

222 2740 286 2801 1010
309 2743 496 2801 constitutus.
534 2738 576 2800 ib.
594 2737 634 2800 12
655 2759 747 2820 quom
767 2740 800 2800 L.
816 2740 995 2820 M.-quo.
1029 2736 1183 2820 259ρὶ-

222 2841 314 2902 gnera
325 2825 359 2886 L.
371 2825 410 2885 M.
421 2857 465 2869 -
476 2824 585 2886 sidera.
615 2824 657 2885 ib.
675 2821 715 2885 14
729 2843 851 2885 censeas
865 2858 907 2868 —
918 2826 1058 2885 sentiant.
1086 2823 1128 2884 ib.
1144 2821 1183 2886 18

223 2907 410 2970 dissimulans
425 2909 458 2969 L.
473 2908 512 2970 M.
527 2939 570 2955 --
591 2909 753 2971 dimissam.

286 2993 318 3063 V,
336 2991 370 3064 1,
388 2990 427 3055 15
447 2995 479 3055 in
499 3002 689 3074 conspectum
711 3013 809 3055 meum
823 2996 913 3054 -in
928 3001 1089 3072 conspeetu
1105 3012 1182 3054 meo.

222 3072 258 3146 3,
276 3073 314 3136 11
336 3080 421 3138 venia
443 3079 605 3139 donari-
620 3081 737 3139 veniam
754 3079 872 3140 cidari.
910 3077 952 3140 ib.
971 3075 1010 3138 13
1024 3081 1128 3157 quavis
1141 3111 1184 3121 -

223 3163 367 3240 quamvis.
407 3160 429 3222 4
450 3164 541 3223 inser.
564 3164 666 3224 asinus
687 3171 717 3223 et
738 3163 888 3243 porcellus
906 3196 949 3207 -
968 3163 1044 3222 asini
1064 3169 1094 3222 et
1114 3180 1183 3241 por·

223 3245 300 3306 celli.
326 3240 449 3307 binscr.
462 3265 565 3309 scurra
577 3255 607 3308 et
617 3249 906 3309 rusticus—scurra
921 3248 1062 3307 rusticus.
1088 3245 1129 3307 ib.
1141 3243 1184 3307 26

224 3337 255 3390 11
275 3329 405 3390 derisuri
425 3349 484 3392 non
512 3335 674 3411 spectaturi
695 3333 799 3393 sedent
822 3366 865 3376 -
891 3339 921 3391 et
947 3332 1102 3392 derisurus
1124 3349 1184 3391 non

223 3423 410 3493 spectaturus
426 3415 503 3476 silet.
533 3413 553 3476 6
569 3419 659 3477 inser.
676 3417 742 3476 add.
760 3435 864 3495 aeque.
897 3413 933 3486 7,
953 3412 1001 3476 13.
1018 3412 1058 3475 14
1072 3415 1103 3476 id
1117 3415 1137 3475 l.
1153 3433 1182 3492 g.

225 3498 394 3559 desiderare
402 3499 436 3559 L.
444 3498 482 3558 M.
491 3532 533 3544 -
546 3509 575 3560 et
585 3501 652 3578 l.g.,
665 3500 838 3560 desiderari.
865 3497 913 3560 17.
925 3495 964 3560 18
976 3506 1009 3559 ut
1020 3498 1184 3579 incipiebat

224 3585 340 3660 ingredi
354 3583 512 3662 Princeps,
535 3602 603 3644 enm
624 3585 743 3646 adducit
758 3586 914 3663 pretio-
934 3592 966 3642 et
983 3585 1010 3641 i.
1021 3584 1098 3640 Ma
1115 3584 1200 3635 nuos>

224 3668 351 3744 ingredi.
382 3667 549 3729 Reductnm
564 3670 689 3750 pressit.
719 3664 788 3740 afa
802 3668 888 3729 nudo
903 3655 1226 3740 oocxpxtxoL.M=-
