2975 4234
586 405 764 466 creant
824 390 1316 532 muium}

213 554 318 619 Dolosa
332 554 435 636 'uulpes
449 555 543 617 aridis
557 558 656 636 rapuit
671 555 820 618 dentibus.

213 639 290 702 Tum
305 640 423 711 demum
437 641 583 718 ingemuit
597 642 678 700 corvi
694 641 837 720 deceptus
851 648 963 720 stupor.

258 722 334 805 [Hac
348 742 382 803 re
397 724 542 805 probatur
556 732 697 802 quantum
712 725 865 802 ingenium
879 725 970 795 valet;

214 807 329 877 Virtute
344 817 463 905 seipper
478 808 627 888 praevalet
641 806 812 889 sapientia]

544 959 737 1021 unauna
758 960 839 1020 xiv.

433 1060 441 1113 '3
465 1055 526 1108 Ex
543 1056 708 1109 evum
725 1057 925 1111 ammove.

255 1142 350 1204 blalus
364 1161 432 1204 cum
445 1144 530 1213 sutor
544 1144 645 1222 inopia
660 1143 831 1222 deperditus

213 1227 389 1288 Medicinam
403 1229 504 1304 ignoto
518 1228 617 1287 lacere
633 1229 782 1306 coepisset
794 1227 859 1288 loco

213 1311 251 1372 Et
264 1311 431 1372 venditaret
444 1310 518 1373 falso
533 1311 697 1372 antidotum
711 1313 840 1381 nomine,

213 1394 355 1456 Verbosis
370 1395 529 1475 adquisivit
543 1394 603 1456 sibi
617 1396 725 1456 lamam
740 1395 882 1475 strophis.

213 1479 269 1540 Hic
283 1497 351 1540 curn
365 1482 477 1540 iaceret
490 1478 594 1541 morbo
609 1481 761 1541 conlectus
776 1482 860 1558 gravi

214 1561 277 1623 Rex
290 1558 471 1634 urbis,'e“1us
486 1564 658 1643 experiendi
672 1567 768 1640 gratia

213 1645 322 1792 {25pr
338 1716 359 1737 .
377 1648 527 1792 poposcit·
534 1647 855 1791 *tsubl.d0l3pfii!¹¹¹¹¹³¹¹⁸
869 1665 945 1728 aqua

239 1731 321 1792 ntrdo
335 1750 353 1790 o
367 1731 408 1791 mi
425 1749 493 1792 cere
508 1687 530 1790 il
575 1749 589 1791 s
604 1749 635 1791 se
650 1739 681 1791 to
703 1749 792 1800 rcum,

213 1814 344 1876 Ebibere
360 1817 447 1876 iussit
462 1817 559 1895 ipsum
573 1817 670 1894 posito
685 1817 828 1894 praemio.

213 1898 334 1961 Timore
348 1901 453 1960 mortis
467 1898 518 1960 ille
532 1907 594 1960 tum
609 1900 762 1960 consessus
776 1908 821 1961 est

213 1983 278 2044 Non
294 1986 367 2045 artis
381 1982 440 2044 ulla
455 1984 586 2045 medicae
602 2002 633 2044 se
647 1983 815 2064 prudentia,

214 2068 320 2129 Verum
336 2076 457 2148 stupore
472 2069 553 2145 vulgi
568 2069 678 2128 lactum
692 2067 832 2128 nobilem.

212 2149 275 2212 Rex
289 2152 427 2214 advocata
442 2153 580 2212 contione
595 2152 669 2213 haec
683 2153 792 2213 edidit:

212 2233 343 2305 Quantae
358 2237 470 2315 putatis
485 2254 550 2297 esse
565 2254 616 2296 vos
631 2236 808 2305 dementiae,

213 2317 270 2388 Qui
285 2321 381 2398 capita
395 2328 492 2381 vestra
506 2338 565 2381 non
581 2319 723 2382 dubitatis
738 2319 870 2391 credere,

213 2402 267 2463 Cui
282 2403 454 2464 calceandos
467 2423 554 2466 nemo
568 2407 716 2466 commisit
730 2404 840 2483 pedesl

254 2486 316 2547 Hoc
330 2489 482 2567 pertinere
497 2507 566 2548 vere
582 2489 618 2550 ad
632 2489 699 2550 illos
714 2489 849 2559 dixerim,

211 2569 344 2641 Quorum
360 2570 485 2632 stultitia
500 2581 637 2651 quaestus
652 2573 852 2651 impudentiae
868 2581 923 2633 est.

553 2721 744 2782 FABVLA
765 2721 830 2782 XV.

367 2819 521 2871 tantvs
537 2820 596 2872 AD
615 2819 759 2871 ΒΕΝΕΜ
776 2819 1012 2872 nouom.

254 2905 287 2966 ln
302 2908 472 2985 principatu
486 2907 692 2968 commutando
707 2908 825 2986 saepius

213 2988 261 3051 Nil
275 2999 394 3069 praeter
409 2988 521 3050 domini
536 3008 642 3051 nomen
657 2998 773 3052 mutant
787 3007 940 3070 pauperes

213 3072 245 3135 ld
260 3091 325 3134 esse
339 3092 443 3135 verum
457 3091 546 3153 parva
560 3074 633 3135 haec
647 3074 755 3136 labella
769 3074 890 3135 indicat.

254 3156 383 3219 Asellum
398 3159 430 3218 in
444 3164 529 3236 prato
543 3158 665 3220 timidus
680 3157 820 3238 pascebat
833 3176 934 3223 senex.

212 3241 241 3303 la
255 3241 385 3302 bostium
400 3241 528 3304 clamore
543 3241 642 3304 subito
655 3245 779 3304 territus
929 3255 933 3264 ’

213 3325 363 3387 Suadebat
376 3326 458 3387 asino
473 3327 593 3404 lugere,
607 3345 645 3388 ne
660 3333 781 3406 possent
795 3328 871 3405 capi.

212 3411 249 3472 bt
263 3409 313 3471 ille
328 3409 440 3471 lentus:
466 3408 595 3481 Quaeso,
611 3429 683 3472 num
697 3410 784 3471 binas
798 3410 871 3472 mibi

213 3495 343 3556 Clitellas
358 3495 556 3574 impositurum
570 3497 711 3556 victorem
726 3495 830 3574 putas?

213 3577 310 3639 Senex
324 3580 452 3657 negavit.
482 3578 560 3656 Ergo
575 3579 645 3659 quid
659 3580 754 3641 reiert
767 3597 841 3649 mea,
921 3612 923 3616 ·

165 3657 171 3670 '
213 3660 267 3722 Cui
282 3663 426 3724 serviam?
447 3662 571 3724 clitellas
585 3663 656 3724 dum
670 3671 791 3745 portam
800 3680 902 3724 meas.
