2975 4234
293 378 336 445 56
572 385 733 440 ΡΗΑΕΒΒΙ
754 385 976 442 reomau

296 537 451 616 Feroxque
466 537 620 613 ingenium
634 537 797 616 conprimis
812 535 977 608 clementia,

295 621 383 690 Vide,
399 639 436 680 ne
451 620 573 700 querela
587 623 682 681 maior
697 628 849 682 accrescat
863 621 979 682 domus.

338 705 491 765 Atrocitati
505 704 700 766 mansuetudo
715 712 761 765 est
775 705 952 766 remedium.

638 857 830 918 FABVLA
850 859 903 919 XI.

419 955 608 1008 AESOPVS
634 957 688 1007 ΕΤ
710 957 872 1008 ῊΟΤΟΒ
898 956 1129 1012 (ammove.

439 1036 583 1103 Quomodo
595 1036 787 1106 conprimatur
799 1036 951 1104 aliquando
962 1038 1106 1093 iactantia

335 1126 484 1186 Victorem
499 1127 576 1187 forte
590 1127 721 1205 gymnici
735 1127 910 1187 certaminis

294 1211 502 1271 Iactantiorem
515 1229 584 1270 oum
598 1211 720 1271 vidisset
734 1208 833 1289 Phryx
847 1210 966 1290 sophus,

294 1295 504 1372 Interrogavit,
520 1313 557 1355 an
571 1294 637 1374 plus
652 1295 840 1354 adversarius

176 1372 536 1466 ‘px-„Valuisset'ffirsi
564 1378 633 1440 llle:
655 1378 700 1439 Nc
714 1378 795 1439 istud
809 1379 938 1449 dixeris:

294 1463 385 1524 hlulto
398 1464 484 1524 luere
498 1465 578 1524 vires
592 1465 720 1523 maiores
732 1480 828 1525 meae.

294 1546 392 1620 Quod,
408 1549 520 1626 inquit,
536 1564 622 1625 ergo,
639 1547 742 1617 stulte,
762 1549 900 1609 meruisti
916 1548 1016 1619 decus,

294 1632 391 1692 Minus
404 1632 551 1692 valentem
565 1633 592 1692 si
606 1633 705 1693 vicisti
719 1632 850 1692 fortiori

295 1716 448 1777 Ferendus
462 1733 558 1786 esses,
573 1717 650 1776 lorte
665 1718 691 1776 si
705 1724 735 1776 te
751 1716 867 1776 diceres

295 1800 471 1880 Superesse,
487 1799 593 1860 melior
608 1802 660 1879 qui
674 1801 782 1860 luisset
795 1800 921 1862 viribus.

633 1953 824 2013 FABVLA
846 1954 914 2013 XII.

539 2051 714 2102 ASINVS
740 2051 803 2101 AD
828 2051 1007 2104 LYRAM.

336 2138 444 2198 Asinus
458 2139 604 2198 iacentem
618 2136 693 2198 ridit
705 2138 737 2196 iu
752 2143 838 2215 prato
851 2136 955 2216 lyram.

294 2223 426 2282 Accessit
439 2230 469 2282 et
483 2223 638 2300 temptavit
651 2220 778 2281 chordas
792 2221 919 2298 ungula;

295 2306 427 2367 Sonuere
443 2313 548 2366 tactae.
577 2303 660 2365 Bella
674 2323 738 2374 res,
756 2305 808 2364 sed
822 2305 1007 2366 mehercules

294 2388 368 2451 hlale
383 2391 489 2459 cessit,
506 2391 618 2469 inquit,
635 2390 707 2449 artis
721 2391 791 2468 quia
803 2407 869 2448 sum
882 2391 1010 2451 nescius.

295 2474 326 2534 Si
341 2476 524 2554 repperisset
538 2473 644 2552 aliquis
659 2473 736 2534 hano
750 2473 933 2552 prudentior,

295 2558 407 2619 Divinis
422 2575 509 2618 aures
525 2556 700 2618 oblectasset
713 2557 861 2618 cantibus.

336 2642 386 2702 Sic
401 2660 489 2722 saepe
504 2643 622 2719 ingenia
637 2641 804 2703 calamitate
818 2643 1012 2703 intercidunt.

625 2795 816 2855 aaaron
842 2764 924 2856 nin.

501 2893 669 2944 novumn
686 2894 824 2944 VIDVA
841 2894 896 2944 ΕΤ
913 2894 1053 2946 mma.

431 2975 542 3041 Quanta
558 2972 596 3028 cit
610 2973 798 3027 inconstantia
815 2975 845 3028 ot
860 2974 950 3030 libido
965 2974 1122 3031 mulierum.

335 3064 393 3124 Per
408 3065 520 3143 aliquot
534 3081 625 3124 annos
640 3063 783 3143 quaedam
798 3063 941 3126 dilectum
954 3065 1051 3126 virum
1068 3097 1071 3103 ·

293 3151 399 3209 Amisit
414 3156 444 3208 et
458 3147 639 3227 sarcophago
654 3165 763 3228 corpus
778 3147 926 3219 condidit:

293 3235 390 3312 hquo
405 3232 509 3293 revelli
524 3231 604 3292 nullo
613 3250 686 3297 aum
701 3239 802 3311 posset
815 3232 902 3292 modo

293 3317 331 3377 llt
344 3319 376 3376 in
391 3315 527 3396 sepulcro
541 3318 630 3376 vitam
645 3317 750 3393 lugens
764 3316 896 3393 degeret,

293 3401 408 3462 Claram
422 3407 555 3462 assecuta
570 3407 615 3460 est
629 3401 736 3461 lamam
752 3408 849 3461 castae
863 3400 1010 3464 mulieris.
1233 3410 1252 3468 5

292 3485 409 3546 lnterea
423 3486 524 3546 lanum
539 3487 590 3564 qui
606 3485 792 3565 conpilarant
804 3483 889 3554 loris,

293 3571 381 3631 Cruci
397 3570 495 3630 suffixi
510 3569 631 3630 luerunt
644 3587 755 3648 poenas
769 3571 895 3630 numini.

290 3652 404 3714 llorurn
419 3653 562 3733 reliquias
576 3655 682 3734 nequis
696 3661 798 3733 posset
810 3654 925 3725 tollere,
