2975 4234
287 398 329 465 62
563 405 724 460 PHAEDRI
743 405 967 461 FABVLARVM

608 590 799 649 FABVLA
820 590 928 651 XXIV.

560 697 746 749 coniux
770 696 831 747 EX
857 697 976 750 OVIS.

418 785 523 840 Multos
539 785 675 842 lacessere
692 785 801 841 debiles
818 787 848 840 et
864 786 963 841 cedere
980 785 1107 842 fortibus.

330 890 437 952 Odiosa
452 893 556 952 cornix
571 910 662 971 super
677 910 762 952 orem
776 891 966 962 consederat;

288 973 380 1046 Quam
395 976 483 1036 dorso
497 993 565 1037 oum
579 977 696 1037 tulisset
710 978 802 1036 invita
817 983 847 1036 et
862 976 929 1037 diu:

287 1059 365 1130 Hoc,
381 1062 491 1139 inquit,
510 1063 536 1121 si
552 1060 670 1122 dentato
685 1061 809 1121 fecisses
824 1063 900 1130 cani,

287 1143 401 1205 Poenae
416 1144 557 1205 dedisses.
587 1145 639 1206 llla
654 1152 756 1205 contra
771 1147 915 1224 pessima:

288 1227 425 1308 Despicio
439 1230 584 1299 inermes,
601 1229 704 1289 eadem
718 1229 791 1289 cedo
804 1228 949 1297 fortibus:

289 1311 356 1372 Scio
371 1330 460 1392 quem
474 1312 630 1384 lacessam,
646 1315 694 1373 cui
710 1313 811 1373 dolosa
826 1313 974 1383 blandiar;

288 1395 358 1457 ldeo
372 1404 522 1458 senectam
537 1397 619 1457 mille
633 1399 665 1458 in
680 1415 773 1458 annos
786 1414 925 1476 prorogo.

615 1550 806 1610 FABVLA
826 1549 919 1609 XXV.

539 1647 702 1699 SERVVS
718 1648 774 1699 E'I'
790 1646 995 1700 Domus,

407 1727 523 1783 Nullum
540 1729 721 1783 meledictum
739 1743 799 1783 esse
816 1727 930 1797 gravius
947 1726 1125 1782 conscientie.

330 1817 402 1878 Cum
417 1835 520 1877 servus
535 1834 661 1895 nequam
677 1817 793 1877 Socrati
807 1817 1008 1886 malediceret,

288 1900 415 1961 onrem
430 1901 543 1960 domini
558 1902 609 1980 qui
625 1903 809 1980 corrupisset
823 1903 879 1970 sui,

288 1983 379 2064 ldque
394 1985 444 2044 ille
459 1987 551 2044 sciret
564 1991 666 2046 notum
681 1984 959 2046 circumstantibus:

288 2068 390 2129 Places
405 2067 479 2138 tibi,
495 2070 606 2147 inquit,
623 2072 693 2148 quia
708 2072 757 2130 cui
771 2088 831 2130 non
846 2068 937 2129 debes
951 2068 1065 2147 places:

289 2152 347 2212 Sed
361 2170 420 2213 non
434 2154 562 2232 inpune,
579 2155 648 2233 quia
663 2156 711 2214 cni
727 2153 819 2214 debes
833 2172 893 2213 non
906 2154 1016 2231 places.
1227 2157 1247 2212 ὅ

605 2305 796 2365 FABVLA
816 2305 925 2364 XXVI.

538 2402 672 2454 1211va
689 2404 743 2453 ΕΤ
761 2403 994 2456 BVBVLOVS.

388 2483 492 2538 Multos
508 2484 602 2538 verbis
618 2483 737 2538 blandos
755 2499 815 2538 esee
833 2485 863 2540 et
878 2486 992 2552 pectore
1008 2482 1144 2539 infideles.

331 2573 403 2634 Cum
418 2581 589 2634 venatorem
603 2573 749 2652 celeripes
763 2574 881 2651 lugeret
895 2574 979 2653 lepus

288 2657 325 2718 Et
339 2674 356 2716 a
371 2656 500 2717 bubulco
514 2659 594 2718 risus
608 2676 731 2737 veprem
745 2659 914 2736 irreperet:

288 2741 345 2802 Per
360 2759 483 2819 superos
498 2759 551 2801 oro
566 2760 679 2820 perque
694 2760 763 2821 spes
779 2759 879 2803 omnes
895 2751 970 2812 tuas,

289 2825 332 2885 Ne
347 2843 394 2884 me
409 2826 538 2895 indices,
555 2824 698 2897 bubulce;
714 2826 790 2887 nihil
804 2844 944 2907 umquam
959 2826 1030 2886 mali

288 2909 365 2970 Huic
380 2927 451 2986 agro
465 2911 535 2970 1111.
565 2911 601 2970 m
616 2912 760 2971 rusticus:
792 2909 835 2970 Ne
851 2911 1002 2980 timueris;
1228 2917 1246 2969 1

288 2993 360 3054 Late
375 3011 507 3055 securus.
536 2992 655 3073 lamque
670 3003 793 3055 venator
807 3012 948 3074 sequens:

289 3076 418 3148 Quaeso,
435 3077 580 3147 bubulce,
596 3078 738 3157 numquid
754 3079 812 3139 huc
827 3080 908 3138 venit
922 3078 1024 3157 lepus?

288 3163 390 3232 Venit,
406 3162 458 3222 sed
474 3161 549 3223 abiit
563 3162 617 3222 hac
632 3163 669 3223 ad
683 3163 812 3232 laevam;
828 3171 859 3223 et
873 3163 1024 3223 dexteram

288 3247 477 3307 Demonstrat
490 3255 564 3307 nutu
578 3253 704 3325 partem.
733 3248 862 3307 Venator
877 3249 953 3310 citus

289 3331 353 3392 Non
367 3329 513 3391 intellexit
526 3349 617 3410 seque
634 3349 650 3391 e
665 3339 825 3410 conspectu
841 3330 972 3391 abstulit.
1212 3334 1246 3388 to

289 3413 372 3475 'lunc
387 3416 429 3475 sic
444 3414 603 3476 bubulcus:
632 3415 747 3495 Ecquid
763 3422 808 3475 est
822 3422 938 3492 gratum
952 3413 1018 3484 tibi,

289 3497 372 3570 Quod
387 3507 416 3560 te
431 3499 542 3560 celavit
571 3498 703 3577 Linguae
718 3517 841 3579 prorsus
855 3517 914 3559 non
930 3515 1005 3576 nego

289 3581 405 3644 Habere
421 3590 507 3663 atque
522 3600 610 3661 agere
625 3587 767 3644 maximas
781 3601 828 3644 me
843 3585 968 3660 gratiam

290 3667 397 3729 Verum
412 3667 504 3728 oculis
519 3676 552 3729 ut
565 3669 693 3746 priveris
707 3676 776 3747 opto
791 3668 923 3746 perfidis.
