2975 4234
646 401 755 458 nmen
774 403 824 461 111.

261 551 406 632 Sperante
420 551 563 613 heredem
577 552 673 612 suffici
686 569 719 613 se
733 554 911 631 proximum.

260 635 317 706 Qui
332 655 399 698 cum
413 636 451 697 de
465 653 559 716 puero
572 636 664 697 multa
677 638 821 698 mentitus
833 638 911 699 foret

259 721 297 782 Et
310 721 396 801 plius
410 720 446 782 de
461 721 583 798 flagitiis
597 727 694 780 castae
708 721 853 792 mulieris,

259 805 374 867 adiecit
387 804 434 875 id,
450 803 529 884 quod
542 803 691 865 sentiebat
704 807 831 866 maxime

226 927 234 936 -
258 888 425 950 Doliturum
440 890 564 958 amanti,
580 890 725 949 ventitare
740 888 906 951 adultorum

259 972 427 1054 Stuproque
443 974 522 1052 turpi
538 971 630 1052 pollui
643 973 753 1033 lamam
767 973 882 1034 domus.

257 1057 400 1119 Incensus
414 1056 464 1118 ille
478 1057 552 1117 ialso
567 1057 668 1118 uxoris
683 1059 808 1117 crimine

258 1141 413 1203 Simulavit
426 1143 485 1201 iter
500 1141 537 1201 ad
551 1141 650 1201 villam
665 1140 799 1220 clamque
814 1143 846 1201 in
862 1140 972 1221 oppido

258 1225 413 1287 Subsedit:
436 1224 543 1285 deiude
558 1233 647 1285 noctu
661 1224 761 1285 subito
776 1229 895 1286 ianuam

256 1310 393 1380 Intravit,
408 1317 490 1370 recta
505 1307 674 1370 cubiculum
689 1311 790 1369 uxoris
804 1317 917 1388 petens,

256 1393 290 1456 ln
305 1412 363 1474 quo
377 1392 507 1454 dormire
522 1400 619 1454 mater
634 1401 735 1454 natum
749 1395 884 1464 iusserat,

256 1479 390 1540 Aetatem
404 1477 533 1538 adultam
548 1495 668 1538 servans
682 1478 863 1555 diligentius.

256 1561 332 1626 bum
347 1569 493 1642 quaerunt
506 1561 620 1630 lumen,
637 1561 706 1621 dum
721 1569 900 1622 concursant
914 1563 1036 1633 familia,

256 1645 321 1708 Irae
336 1647 463 1708 furentis
477 1647 611 1724 inpetum
626 1662 685 1704 non
700 1647 853 1705 sustinens

255 1731 300 1793 td
314 1730 423 1791 lectum
438 1728 569 1798 accedit,
585 1736 709 1808 temptat
722 1731 755 1789 in
770 1729 904 1790 tenebris
918 1738 1016 1808 caput.

255 1813 293 1875 Vt
307 1817 397 1876 sentit
411 1821 545 1884 tonsum,
561 1813 659 1891 gladio
673 1821 777 1892 pectus
790 1816 937 1890 transigit,

255 1897 337 1961 Nihil
351 1900 534 1978 respiciens,
551 1898 620 1958 dum
635 1897 766 1958 dolorem
780 1898 920 1959 vindicet.

256 1982 389 2048 Lucerna
405 1983 514 2051 adlata,
530 1982 617 2042 simul
632 1983 767 2060 adspexit
780 1983 873 2043 filium

256 2065 450 2147 Sanctamque
465 2084 588 2128 uxorem
603 2066 799 2127 dormientem
814 2065 962 2138 cubiculo,

256 2150 357 2230 Sopita
372 2155 468 2230 primo
483 2168 558 2230 quae
573 2150 615 2210 nil
631 2169 734 2210 somno
749 2159 898 2220 senserat;

254 2233 498 2314 Repraesentavit
510 2236 542 2296 in
557 2253 590 2295 se
604 2252 729 2314 poenam
743 2235 885 2296 facinoris

254 2318 292 2380 Et
305 2320 387 2380 ferro
400 2319 553 2399 incubuit,
568 2318 647 2398 quod
662 2318 822 2380 credulitas
837 2321 1007 2380 strinxerat.

254 2404 447 2464 Accusatores
459 2403 647 2482 postularunt
661 2403 816 2464 mulierem

252 2486 433 2566 Romamque
447 2494 656 2565 pertraxerunt
670 2487 707 2547 ad
722 2491 929 2548 centumviros.

252 2570 379 2648 Maligna
392 2574 540 2632 insontem
556 2571 698 2649 deprimit
712 2574 847 2649 suspitio,

252 2653 336 2725 Quod
350 2654 428 2716 bona
442 2654 600 2734 possideat.
630 2653 715 2714 Stant
728 2657 846 2732 patroni
862 2656 981 2716 lortiter

252 2740 377 2802 Causam
390 2747 509 2800 tuentes
524 2739 691 2798 innocentis
704 2738 842 2798 feminae.

294 2826 318 2885 d
332 2822 405 2884 Divo
420 2823 551 2900 Augusto
566 2830 637 2882 tunc
651 2824 765 2900 petiere
779 2822 904 2893 iudices,

251 2907 288 2968 Vt
302 2907 453 2969 adiuvaret
467 2908 544 2968 iuris
558 2906 678 2967 iurandi
694 2906 792 2977 tidem,

251 2989 335 3061 Quod
350 2993 430 3071 ipsos
445 3009 530 3051 error
545 2990 731 3068 inplicuisset
744 2993 891 3052 criminis.

251 3073 308 3144 Qui
322 3083 477 3154 postquam
492 3075 632 3136 tenebras
647 3075 770 3153 dispulit
784 3075 948 3136 calumniae

251 3159 429 3238 Certumque
444 3160 557 3221 iontem
571 3161 705 3219 veritatis
720 3162 869 3238 repperit:

249 3243 340 3311 Luat,
357 3244 468 3322 inquit,
484 3261 595 3322 poenas
608 3261 697 3302 causa
711 3243 839 3303 libertus
852 3243 937 3314 mali;

250 3326 383 3406 Namque
399 3326 501 3388 orbam
516 3336 584 3389 nato
599 3327 688 3391 simul
703 3335 733 3387 et
748 3330 893 3406 privatam
906 3329 972 3388 viro

249 3411 446 3472 Miserandam
460 3413 662 3491 potiusquam
677 3411 872 3473 damnandam
887 3413 1036 3474 existimo.

249 3493 335 3565 Quod
349 3497 375 3555 si
391 3495 485 3556 delata
500 3503 703 3574 perscrutatus
716 3497 844 3557 crimina

248 3577 465 3640 Paterfamilias
479 3587 572 3648 esset,
595 3582 620 3640 si
634 3579 821 3642 mendacium

249 3660 406 3725 Subtiliter
419 3665 571 3734 rimasset,
587 3681 605 3724 a
618 3661 773 3727 radicibus
