2975 4234
275 390 318 455 40
552 398 712 453 PHAEDRI
733 398 956 455 FABVLARVM

277 547 361 608 Vetat
375 547 486 609 dimitti
500 565 624 626 magnus
638 548 703 608 illos
718 547 864 629 luppiter.

275 631 374 692 lllirati
389 631 447 692 sibi
462 632 574 709 legates
589 650 648 693 non
663 636 818 703 revertier‚

274 715 375 795 Turpe
391 718 582 777 aestimantes
596 716 708 796 aliquid
723 721 914 778 commissum
928 737 945 779 a
960 721 1032 791 suis,
1199 729 1233 780 lo

273 800 345 861 Post
360 800 479 880 aliquod
493 808 611 881 tempus
625 801 698 861 alios
713 801 843 863 adscribi
858 801 973 864 iubent.

175 945 177 950 .
273 884 385 946 Rumor
399 885 511 963 legatos
524 887 694 964 superiores
708 886 850 965 prodidit.

274 968 427 1029 'ilmentes
440 987 545 1030 rursus
559 969 671 1048 aliquid
685 988 723 1030 ne
738 970 837 1031 simile
851 971 976 1042 accidat,

273 1052 371 1114 Odore
386 1053 510 1114 canibus
525 1071 628 1124 anum,
645 1054 696 1114 sed
710 1055 819 1124 nudto,
834 1055 959 1133 replent.

273 1137 408 1204 Mandata
423 1137 507 1198 dant:
530 1136 619 1215 legati
634 1140 808 1208 mittuntur,
824 1141 925 1199 statim
1195 1146 1232 1199 20

273 1221 399 1284 Abeunt.
429 1221 577 1300 Rogantes
593 1222 705 1282 aditum
719 1225 860 1283 continuo
874 1226 1034 1301 inpetrant.

273 1306 414 1373 Consedit
427 1309 545 1383 genitor
558 1314 621 1368 tum
637 1306 760 1366 deorum
774 1309 921 1368 maximus

272 1389 455 1470 Quassatque
470 1391 597 1450 fulmen:
621 1400 749 1450 tremere
764 1409 890 1470 coepere
905 1395 1012 1452 omnia.

272 1475 366 1536 Canes
382 1475 511 1544 confusi,
528 1474 645 1534 subitus
660 1475 737 1554 quod
753 1475 851 1535 luerat
865 1477 974 1553 lragor,

271 1559 404 1639 Repente
420 1560 540 1619 odorem
556 1562 682 1619 mixtum
697 1578 764 1619 curn
779 1560 891 1620 merdis
906 1569 1018 1620 cacant.

271 1643 443 1704 Reclamant
457 1661 574 1712 omnes,
590 1644 796 1704 vindicandam
810 1647 964 1704 iniuriam.

273 1727 322 1788 Sic
337 1736 381 1788 est
394 1728 510 1788 locutus
525 1735 592 1788 ante
606 1746 730 1806 poenam
745 1727 894 1806 luppiter:

272 1812 395 1889 Legatos
410 1829 469 1871 non
485 1820 530 1872 est
544 1814 624 1888 regis
639 1830 698 1871 non
713 1812 873 1881 dimittere,

270 1896 331 1958 Nec
346 1904 392 1956 est
406 1896 526 1956 difficile
541 1915 650 1976 poenas
667 1896 770 1974 eulpae
785 1900 945 1975 inponere;

271 1980 330 2040 Sed
345 1981 401 2040 hoc
416 1982 519 2040 leretis
534 1999 588 2059 pro
604 1981 715 2040 iudicio
730 1983 913 2059 praemium:

270 2064 335 2125 Non
350 2074 417 2125 veto
432 2064 556 2134 dimitti,
571 2083 674 2124 verum
690 2067 819 2126 eruciari
835 2067 922 2134 lame,

270 2149 313 2210 Ne
328 2159 462 2209 ventrem
478 2151 631 2208 continere
646 2167 705 2208 non
719 2152 836 2227 possint
850 2168 945 2211 suurn.

270 2233 315 2297 llli
330 2241 442 2302 autem,
458 2235 509 2312 qui
525 2236 670 2292 miserunt
685 2251 736 2292 vos
750 2241 811 2294 tarn
825 2234 934 2303 sutiles,

269 2317 435 2397 Numquam
449 2316 593 2377 carebunt
609 2317 736 2376 hominis
751 2319 937 2378 contumelia.

271 2399 329 2481 [lta
343 2420 422 2462 nune
437 2401 548 2478 legatos
563 2409 767 2479 exspectantes
781 2403 901 2480 posteri.

268 2485 382 2546 Novum
396 2489 499 2547 venire
513 2486 564 2564 qui
579 2485 672 2555 videt,
689 2485 788 2546 culum
803 2483 927 2565 olfacit]

602 2637 793 2698 FABVLA
814 2639 894 2697 XIX.

380 2737 579 2788 summe.
613 2736 924 2788 MISERIGORDIA
940 2736 1111 2792 noem

310 2820 367 2892 Qui
381 2822 442 2882 lert
455 2823 540 2882 malis
555 2823 710 2891 auxilium,
726 2831 793 2899 pest
806 2830 923 2902 tempus
938 2823 1025 2882 dolet
1132 2857 1134 2862 ,

268 2905 341 2968 Gelu
355 2907 501 2984 rigentem
515 2906 635 2985 quidam
650 2904 804 2966 colubram
819 2907 938 2966 sustulit

268 2990 399 3069 Sinuque
414 2992 500 3060 levit,
516 2997 618 3050 eontra
633 3007 664 3049 se
680 2991 744 3068 ipse
760 2992 946 3060 misericors;

190 3097 191 3100 ¹
266 3074 399 3153 Namque
414 3083 447 3135 ut
461 3075 573 3134 relecta
588 3082 649 3143 est,
665 3076 767 3134 necuit
781 3074 932 3134 hominem
947 3077 1090 3154 protinus.

266 3159 348 3219 Hanc
363 3157 419 3218 alia
434 3177 502 3218 cum
516 3166 636 3234 rogaret
650 3176 770 3218 eausam
784 3159 933 3226 facinoris,
1204 3166 1224 3219 5

266 3241 445 3323 Respondit:
476 3241 589 3322 Nequis
604 3241 698 3302 discat
712 3243 855 3321 prodesse
870 3242 1015 3322 inprobis.

606 3395 797 3454 FABVLA
818 3395 882 3454 XX.

510 3492 697 3546 VVIrPES
722 3494 781 3544 E'I'
807 3493 976 3545 DRACO.

305 3578 428 3659 Vulpes,
444 3579 544 3640 cubile
559 3580 688 3648 fodiens,
705 3579 775 3638 dum
790 3586 900 3639 terram
914 3579 992 3640 eruit

257 3664 389 3743 Agitque
397 3664 505 3743 plures
519 3665 609 3726 altius
623 3663 783 3734 eunietdos,
