2975 4234
268 387 310 452 26
485 430 488 438 ·
545 393 707 450 PHAEDRI
725 393 949 451 sanmuro

270 542 335 605 Non
349 543 505 605 evertisset
519 543 630 605 scelere
644 545 763 606 lunesto
777 543 905 606 domum.
1191 551 1227 604 ub

312 627 360 689 Nil
374 635 495 708 spernat
509 631 639 698 animus,
654 647 710 690 nec
725 636 824 689 tamen
839 629 942 691 credat
955 631 1063 691 statim.

268 710 512 792 Quandoquidem
527 721 557 773 et
571 713 615 773 illi
629 721 769 792 peccant,
784 731 859 793 quos
872 716 994 776 minime
1009 721 1105 795 putes,

268 795 306 857 Et
320 799 372 877 qui
386 815 446 858 non
460 805 598 876 peccant,
614 799 816 876 inpugnantur
829 798 995 860 iraardibus.

310 882 372 942 lloc
387 881 546 942 admonere
561 881 711 962 simplices
725 885 814 942 etiam
828 891 935 962 potest,

268 965 416 1046 Opinione
431 966 554 1027 alterius
567 965 678 1045 nequid
691 967 871 1046 ponderent:

268 1050 398 1112 Ambitio
412 1069 539 1130 namque
554 1051 703 1111 dissidens
716 1051 888 1112 mortalium

267 1136 325 1196 Aut
338 1137 451 1214 gratIae
467 1135 629 1196 subscribit
643 1142 694 1196 aut
707 1135 777 1196 odio
792 1153 855 1196 suc.

267 1218 334 1280 Erit
348 1219 397 1280 ille
412 1227 513 1288 notus,
529 1238 618 1298 quem
631 1236 686 1298 per
702 1227 731 1280 te
747 1222 930 1296 cognoveris.

309 1303 389 1364 llaec
402 1310 560 1364 exsecutus
574 1322 639 1364 sum
653 1311 812 1382 propterea
826 1303 973 1384 pluribus,

267 1387 417 1449 Brevitate
431 1389 524 1448 nimia
538 1390 678 1467 quonlam
692 1388 835 1467 quosdam
849 1388 1034 1450 offendimus.

614 1539 807 1600 sunnon
828 1540 880 1598 m.
971 1518 973 1521 ’

462 1637 696 1690 nvnvcflvs
712 1637 771 1688 AD
789 1637 1027 1692 IItiPROBVM.

308 1724 469 1785 Eunuchus
482 1723 618 1802 litigabat
632 1741 700 1783 eum
715 1724 842 1803 quodam
856 1723 991 1803 inprobo,

266 1809 323 1880 Qui
338 1826 428 1888 super
442 1807 569 1869 obscena
584 1807 663 1869 dicta
678 1814 708 1868 et
721 1808 859 1887 petulans
872 1810 1002 1886 iurgium

194 1889 195 1892 '
266 1893 409 1956 Damnum
425 1893 586 1954 insectatus
600 1899 645 1952 est
659 1894 760 1953 amissi
775 1891 903 1953 roboris.

266 1978 326 2058 En,
342 1979 397 2046 ait,
412 1976 470 2037 hoc
483 1995 575 2038 unum
591 1983 650 2046 est,
666 1995 721 2036 cur
734 1976 868 2037 laborem
881 1975 1015 2048 validius,

266 2060 449 2140 Integritatis
461 2069 555 2122 testes
569 2063 638 2142 quia
653 2061 759 2122 desunt
773 2061 857 2122 mihi.

266 2146 325 2208 Sed
339 2147 411 2227 quid
424 2147 576 2215 fortunae,
593 2145 695 2214 stulte,
712 2144 853 2206 delictum
867 2146 989 2223 arguis?

265 2230 299 2292 ld
314 2231 433 2293 demum
447 2237 494 2292 est
506 2231 619 2291 homini
633 2237 736 2308 turpe,
752 2231 832 2310 quod
846 2232 956 2291 meruit
970 2231 1043 2309 pati.

606 2381 796 2441 FABVIaA
817 2381 884 2440 ΧΠ.

462 2479 628 2532 vas
644 2481 703 2531 AD
720 2479 1021 2534 moneamus.

306 2569 339 2630 ln
355 2567 531 2648 sterquilino
544 2565 643 2646 pullus
657 2565 837 2643 gallinaceus

265 2653 340 2716 llum
354 2654 473 2733 quaerit
486 2668 599 2720 escam,
615 2652 804 2727 margaritam
820 2653 963 2729 repperit

264 2739 347 2800 laces
360 2738 484 2815 indigno
498 2742 607 2815 quanta
622 2753 671 2795 res
686 2737 798 2814 inquit,
814 2734 892 2796 loco!

263 2822 326 2884 Hoc
341 2823 435 2901 siquis
448 2821 538 2900 pretii
553 2819 678 2898 cupidus
691 2819 816 2879 vidisset
829 2821 883 2888 tui,

264 2907 342 2968 Olim
357 2906 486 2967 redisses
500 2903 537 2964 ad
552 2902 739 2982 splendorem
754 2905 924 2982 pristinum.
1202 2911 1221 2964 b

263 2991 326 3068 Ego
340 2990 419 3071 quod
434 2997 464 3048 te
479 2988 595 3057 inveni,
611 2987 707 3066 potior
721 2988 770 3048 cui
785 2987 877 3048 multo
892 2993 938 3047 est
951 2986 1046 3058 cibus,

263 3074 326 3136 Nec
340 3074 396 3136 tibi
410 3073 551 3154 prodesse
566 3089 623 3132 nec
637 3071 710 3131 mihi
725 3073 885 3151 quicquam
899 3080 1005 3150 potest

305 3159 368 3221 Hoc
381 3158 442 3220 illis
455 3174 559 3227 narro,
574 3157 627 3236 qui
642 3173 689 3216 me
704 3173 764 3216 non
779 3155 965 3233 intellegunt.

595 3307 785 3368 FABVLA
806 3307 889 3367 XIII.

430 3407 536 3461 APE'S
553 3408 607 3459 ΕΤ
626 3407 726 3459 uvel
742 3405 881 3456 VESPA
897 3405 1054 3460 wnscu,

305 3498 382 3576 Apes
395 3497 427 3556 in
443 3494 499 3556 alta
513 3495 648 3554 fecerant
661 3509 775 3572 quercu
788 3492 882 3552 favos:

263 3581 323 3642 llos
337 3582 399 3642 luci
413 3581 525 3641 inertes
540 3597 605 3639 esse
620 3576 759 3640 dicebant
772 3593 851 3637 suos.

262 3665 313 3727 Lis
327 3665 363 3726 ad
378 3665 474 3725 iorum
485 3663 614 3760 deducta
630 3669 688 3733 est,
703 3678 793 3742 vespa
807 3660 917 3722 iudice.
