2975 4234
263 382 305 449 58
545 388 705 444 PHAEDRJ
724 387 947 444 FABVLARVM

265 538 425 609 Quaestum
440 538 573 608 deferre,
590 537 686 599 stabat
699 546 803 617 portae
818 540 851 598 in
864 537 979 600 limine.

266 623 351 684 lllum
365 623 482 702 puellae
497 641 568 684 casu
582 623 751 683 conducunt
766 640 845 691 suae,

265 707 335 768 Viae
350 705 468 768 labores
482 714 602 768 teneros
617 725 654 766 ne
670 706 789 767 laedant
802 706 903 785 pedes.

264 791 397 870 Repente
413 791 541 861 caelum,
556 791 681 852 Veneris
695 790 911 860 misericordia,

254 877 367 936 ¹Ventis
382 883 530 945 movetur,
546 878 661 936 intonat
675 875 779 935 mundi
793 875 893 951 fragor

264 959 446 1038 Noctemque
461 959 561 1020 densis
575 959 727 1020 horridam
742 957 853 1019 nimbis
868 965 967 1036 parat:

264 1045 328 1105 Lux
342 1045 457 1122 rapitur
472 1043 564 1104 oculis
580 1051 610 1104 et
624 1043 713 1104 simul
728 1045 773 1102 vis
787 1043 942 1120 grandinis

264 1128 363 1189 liliosa
378 1128 510 1206 trepidos
524 1130 636 1207 passim
650 1129 774 1188 comites
789 1127 923 1205 dissipat,

265 1211 331 1273 Sibi
345 1230 493 1291 quemque
508 1229 616 1290 cogens
630 1221 733 1290 petere
748 1210 930 1290 praesidium
945 1211 1025 1288 luga.

264 1295 378 1356 Asellus
392 1303 495 1356 notum
510 1298 677 1376 proximum
691 1302 803 1356 tectum
818 1293 899 1356 subit

264 1381 303 1441 lit
317 1397 388 1440 voce
403 1397 508 1458 magna
523 1398 588 1440 sese
603 1382 720 1440 venisse
735 1380 858 1440 indicat.

264 1465 449 1526 Procurrunt
463 1466 565 1543 pueri,
581 1464 735 1544 pulchram
750 1465 900 1544 aspiciunt
916 1465 1061 1542 virginem

264 1549 302 1608 Et
317 1548 513 1609 admirantur:
537 1548 643 1609 deinde
659 1549 777 1614 domino
791 1550 940 1608 nuntiant.

265 1633 347 1693 Inter
361 1633 476 1694 sodales
491 1632 541 1693 ille
556 1651 665 1712 paucos
681 1632 829 1694 accubans

265 1719 403 1778 Amorem
418 1715 534 1777 crebris
549 1716 689 1777 avocabat
702 1717 828 1796 poculis.

264 1800 320 1861 Vbi
336 1802 502 1861 nuntiatum
517 1808 578 1871 est,
595 1808 748 1861 recreatus
762 1800 878 1878 gaudiis

266 1885 409 1946 Hortante
425 1884 541 1944 Raccho
557 1894 587 1945 et
600 1885 730 1954 Venere,
747 1884 848 1945 dulces
863 1885 981 1964 perlicit

265 1967 459 2048 Aequalitatis
474 1971 553 2029 inter
567 1969 688 2048 plausus
702 1971 832 2048 nuptias.

265 2052 418 2122 Quaerunt
431 2061 570 2131 parentes
584 2071 638 2132 per
652 2071 831 2133 praeconem
845 2053 952 2123 liliam3

266 2137 365 2197 Novus
379 2138 504 2196 maritus
518 2139 643 2215 coniuge
658 2140 767 2199 amissa
781 2137 871 2198 dolet.

266 2220 342 2290 Quid
358 2228 436 2280 esset
450 2231 548 2281 actum
562 2229 717 2300 postquam
731 2222 840 2301 populo
855 2222 994 2291 innotuit,

266 2305 376 2366 Omnes
390 2305 522 2366 favorem
537 2305 759 2384 conprobarunt
773 2305 922 2366 caelitum.

605 2457 796 2516 FABVLA
817 2457 882 2517 XV.

514 2554 703 2606 Amsopvs
720 2555 776 2606 ET
792 2555 974 2607 nomn.

475 2635 565 2701 Quam
581 2637 682 2691 noceat
697 2652 782 2705 saepe
799 2653 897 2690 verum
913 2636 1015 2690 dicere.

307 2723 441 2803 Aesopus
456 2727 537 2803 turpi
553 2743 620 2785 cum
635 2727 762 2786 serviret
775 2725 913 2794 feminae,

266 2809 346 2878 Quae
361 2827 393 2868 se
409 2809 594 2888 expingendo
608 2816 702 2870 totum
715 2810 872 2869 intricaret
887 2809 975 2878 diem,

265 2892 398 2961 Vestem,
415 2894 554 2962 uniones,
570 2911 689 2963 aurum,
710 2900 866 2970 argentum
881 2898 1020 2956 sumeret

266 2975 328 3036 Nec
342 2977 492 3037 inveniret
506 2975 599 3054 digito
614 2980 664 3055 qui
681 2994 712 3036 se
727 2984 878 3054 tangeret:

266 3059 386 3121 Licetne
401 3061 519 3138 paucis,
535 3061 649 3140 inquit?
678 3060 775 3120 Dicas.
805 3061 929 3131 Censeo,

266 3142 388 3213 Quidvis
401 3145 528 3214 ellicies,
544 3145 655 3205 cultum
670 3147 695 3204 si
711 3145 894 3224 deposueris.

267 3228 384 3287 Adeone
398 3228 501 3288 videor
514 3228 570 3288 tibi
585 3247 639 3309 per
653 3249 700 3290 me
714 3229 905 3290 meliuscula?

265 3310 373 3380 Immo,
389 3313 421 3372 ni
439 3312 571 3382 dederis,
587 3315 699 3392 sponda
714 3312 844 3374 cessabit
860 3321 921 3374 tua.

266 3396 303 3455 At
318 3414 377 3455 non
393 3395 550 3456 cessabunt
564 3396 670 3468 latera,
686 3397 856 3477 respondit,
871 3404 931 3467 tua,

266 3479 304 3540 Et
318 3478 470 3557 obiurgari
485 3482 571 3541 iussit
585 3499 704 3542 servum
719 3481 882 3559 garrulum.

266 3563 336 3624 Post
350 3563 448 3643 paullo
463 3564 607 3625 armillam
622 3566 700 3626 tollit
713 3567 763 3626 lur
778 3574 959 3643 argenteam.

267 3645 360 3716 Onam
374 3666 434 3708 non
449 3666 591 3728 apparere
607 3658 652 3711 cst
667 3657 699 3711 ut
714 3650 827 3711 dictum
841 3649 971 3717 mulieri,
