2975 4234
245 393 284 454 18
520 397 682 453 PHAEDRI
702 398 926 456 FABVLARVM

244 547 350 625 llagno
364 549 396 608 in
410 547 524 626 periclo
538 549 599 609 vita
614 555 750 609 vertetur
763 557 824 610 tua.

244 632 324 693 llaec
339 634 418 692 inter
432 634 497 711 ipse
511 632 679 694 dominusa
693 651 767 694 cena
781 633 860 695 redit

243 717 296 785 Et,
312 718 382 796 quia
397 723 553 795 corruptos
567 717 682 778 viderat
695 736 792 796 nuper
806 718 906 787 boves,

244 800 367 862 Accedit
381 800 417 861 ad
432 819 592 880 praesepe:
622 802 682 863 Cur
695 801 810 862 frondis
823 820 931 881 parum
946 810 1000 873 est,

245 885 412 945 Stramenta
426 885 551 946 desuntl
577 884 694 947 Tollere
709 885 783 948 haee
797 905 905 948 aranea

245 968 393 1039 Quantum
408 976 454 1029 est
467 968 595 1030 laboris?
623 970 700 1031 Dum
714 978 863 1032 scrutatur
878 971 1001 1049 singula,

246 1053 332 1114 Cerri
346 1071 463 1133 quoquc
478 1054 536 1114 alta
551 1056 740 1134 conspicatur
755 1073 882 1125 cornua;

246 1135 339 1208 Quem
353 1145 511 1199 convocata
529 1136 615 1198 iubet
629 1139 725 1200 occidi
739 1139 852 1200 familia

245 1220 447 1301 Praedamque
462 1221 547 1283 tollit.
576 1221 656 1282 Haec
671 1225 818 1301 significat
832 1222 941 1293 tabula,

169 1313 174 1316 “
246 1305 404 1366 Dominum
419 1305 521 1367 ridere
536 1306 697 1386 plurimum
712 1309 744 1368 in
759 1307 850 1368 rebus
864 1310 935 1368 suis

635 1456 817 1509 AVCTOR.

289 1560 397 1638 Aesopi
412 1561 534 1637 ingenio
548 1566 675 1620 statuam
687 1577 813 1639 posuere
829 1561 919 1622 Attici

248 1643 432 1723 Servumque
447 1643 627 1704 collocarunt
642 1651 762 1704 aeterna
773 1646 808 1705 ‘in
823 1644 899 1712 basi.

247 1727 353 1789 Patere
362 1728 479 1788 honoris
489 1729 600 1789 scirent
615 1735 648 1788 ut
662 1727 776 1788 cunetis
795 1728 871 1786 riam

248 1812 315 1890 Nec
324 1813 428 1889 generi
443 1810 551 1881 tribui,
566 1811 619 1872 sed
633 1813 751 1880 virtuti,
767 1811 901 1889 gloriam.

248 1890 400 1967 Quoniam'
406 1903 566 1975 occuparat
579 1895 668 1965 alter,
683 1913 722 1955 ne
735 1897 851 1974 primus
865 1897 968 1966 iorem.

248 1981 293 2042 Ne
308 1978 389 2041 solus
403 1988 497 2050 esset,
513 1979 627 2049 studui;
642 1979 722 2058 quod
737 1981 900 2058 superfuit:

249 2064 311 2126 Nec
325 2064 398 2124 haec
412 2064 538 2132 invidia,
554 2080 656 2123 verum
671 2071 717 2123 est
730 2063 897 2124 aemulatio.

249 2147 334 2219 Quod
349 2150 375 2208 si
390 2147 485 2208 labori
499 2149 606 2208 laverit
619 2147 735 2208 Latium
750 2166 825 2217 meo,
870 2193 872 2196 .

249 2233 354 2295 Plures
367 2230 505 2302 habebit,
521 2250 595 2311 quos
609 2238 738 2310 opponat
753 2231 905 2293 Graeciae.

251 2316 284 2378 Si
298 2317 373 2376 livor
387 2315 553 2376 obtrectare
568 2333 670 2377 curam
684 2315 819 2385 voluerit.

251 2401 316 2462 Non
330 2409 430 2461 tamen
444 2402 554 2479 eripiet
566 2399 661 2461 laudis
676 2402 897 2461 conscientiam.

253 2484 284 2546 Si
299 2492 434 2546 nostrum
449 2483 579 2545 studium
593 2483 629 2543 ad
646 2501 732 2544 aures
747 2484 842 2544 cultas
855 2485 992 2563 pervenit

251 2569 289 2631 Et
303 2576 366 2629 arte
380 2569 465 2630 fictas
478 2570 595 2629 animus
609 2571 699 2628 sentit
713 2566 838 2638 fabulas,

253 2654 376 2715 Omnem
391 2652 541 2732 querelam
557 2651 712 2713 submovet
725 2652 862 2714 felicitas

253 2737 306 2798 Sin
321 2745 419 2798 autem
434 2737 537 2797 doctus
550 2736 609 2797 illis
623 2739 756 2797 occurrit
768 2735 861 2806 labor,

254 2820 379 2882 Sinistra
393 2838 468 2900 quos
481 2822 512 2881 in
526 2820 623 2881 lucem
636 2828 741 2881 natura
756 2820 861 2882 extulit

255 2903 332 2986 [Neo
345 2905 504 2985 quicquam
518 2911 643 2982 possunt
655 2905 715 2964 nisi
729 2903 868 2964 meliores
882 2899 1032 2984 carpere]

132 2994 206 3057 922..
253 2989 353 3052 Fatale
366 2990 472 3069 ¹vitium
486 2987 576 3048 corde
590 2987 695 3048 durato
708 2988 812 3057 leram,

126 3086 180 3169 ὦ
254 3073 354 3136 Donec
367 3064 517 3135 fortunam
531 3073 666 3133 criminis
679 3071 789 3152 pudeat
801 3073 859 3134 sui.
