2975 4234
644 402 752 457 LIBER
771 401 805 459 V.

248 552 284 614 Vt
297 561 497 634 spectatorum
511 570 575 614 mos
590 559 649 622 est,
665 551 697 612 id
715 551 848 630 lepidum
862 568 956 630 genus

246 637 424 699 Desiderare
439 639 551 718 coepit,
568 638 652 697 cuius
667 635 789 698 flatibus

247 722 368 784 Solebat
381 725 505 784 excitari
520 722 653 782 saltantis
666 722 760 798 vigor.

288 807 360 869 Erat
374 808 506 868 facturus
519 806 604 866 ludos
619 805 739 884 qnidam
754 804 874 866 nobilis.

246 892 284 953 Vt
298 891 462 971 incipiebat
476 890 593 969 ingredi
608 889 766 968 Princeps,
783 909 853 950 eum

246 977 374 1039 Adducit
387 977 484 1056 pretio
499 972 655 1054 precibus,
671 981 705 1034 ut
718 974 922 1035 tantummodo

246 1059 314 1141 ipso
327 1059 465 1121 ludorum
480 1059 650 1120 ostenderet
663 1076 728 1118 sese
746 1059 805 1118 die.

144 1192 149 1199 .
247 1144 305 1217 Qui
318 1145 407 1206 simul
422 1143 554 1214 advenit,
569 1161 671 1204 rumor
687 1143 722 1202 de
738 1143 865 1203 tibicine

246 1229 361 1292 Fremit
374 1230 406 1289 in
419 1228 546 1289 theatro.
576 1226 702 1298 Quidam
717 1226 872 1288 adfirmant
885 1235 1044 1298 mortuum,

246 1312 374 1385 Quidam
387 1315 419 1373 in
435 1321 625 1392 conspectum
639 1311 829 1392 proditurum
844 1313 910 1372 sine
924 1330 1017 1372 mora.

180 1421 183 1430 ·
247 1398 358 1459 Aulaeo
372 1399 479 1467 misso,
495 1397 640 1458 devolutis
655 1395 816 1456 tonitribus

247 1482 284 1542 Di
298 1488 368 1542 sunt
381 1481 472 1542 locuti
487 1499 569 1541 more
583 1480 777 1541 translaticio.

247 1565 332 1626 Tunc
346 1565 455 1626 chorus
470 1567 604 1643 ignotum
618 1565 704 1624 modo
718 1565 843 1624 reducto
857 1566 1005 1625 canticum

247 1650 396 1720 lnsonuit,
412 1652 497 1710 cuius
510 1649 584 1710 baec
598 1650 657 1709 fuit
670 1651 832 1708 sententia:
953 1712 955 1715 ,

248 1734 411 1806 „Laetare
427 1733 583 1794 incolumis
598 1732 703 1802 Roma,
720 1733 799 1794 salvo
813 1733 993 1813 Principei⁴⁴

248 1819 281 1880 lu
296 1819 415 1898 plausus
429 1825 653 1878 consurrectum
667 1823 723 1878 est.
753 1816 846 1878 lactat
860 1817 943 1878 basia

248 1902 390 1974 Tibicen3
405 1902 548 1981 gratulari
562 1903 695 1962 fautores
709 1910 804 1980 putat.

248 1988 395 2068 Equester
409 1987 482 2047 ordo
497 1987 620 2046 stultum
635 2004 768 2046 errorem
783 1986 932 2064 intellegit

248 2072 413 2151 llagnoqne
427 2073 491 2132 risu
506 2073 654 2131 cauticum
667 2073 765 2150 repeti
779 2069 874 2131 iubet.

248 2156 377 2217 Iteratur
391 2156 475 2216 illud.
505 2155 598 2216 Homo
613 2173 744 2215 mensae
759 2157 791 2215 in
804 2154 921 2234 pulpito

249 2240 358 2300 Totum
372 2241 542 2319 prosternit.
572 2239 689 2300 Plaudit
702 2238 841 2300 inludens
856 2257 956 2318 eques.

249 2324 364 2402 Rogare
378 2324 505 2403 populus
517 2324 597 2384 hunc
614 2342 754 2384 coronam
769 2325 930 2385 existimat.

249 2408 286 2468 vt
301 2425 371 2468 vero
386 2409 489 2468 cuneis
503 2411 600 2468 notuit
612 2427 662 2469 res
677 2407 824 2478 omnibus,

249 2492 406 2572 Princeps,
422 2491 513 2569 ligato
525 2510 612 2552 crure
627 2495 713 2553 nivea
727 2494 830 2562 fascia,

249 2576 409 2656 Niveisque
423 2576 547 2645 tunicis,
563 2578 658 2636 niveis
673 2578 763 2636 etiam
776 2576 892 2646 calceis,

250 2659 434 2740 Superbiens
448 2660 560 2720 bonore
575 2660 691 2720 divinae
707 2660 820 2730 domus

251 2745 294 2807 Ab
309 2746 457 2807 universis
471 2745 568 2823 capite
584 2751 629 2804 est
642 2751 800 2822 protrusus
816 2745 896 2806 foras

578 2931 771 2991 FABVLA
792 2931 877 2992 VIII.

638 3046 819 3098 unumve.
955 3045 958 3050 ’

292 3166 387 3228 Cursu
401 3167 528 3237 volucri,
544 3166 678 3245 pendens
692 3168 723 3226 in
738 3165 890 3236 novacula,

250 3250 368 3320 Calvus,
385 3267 502 3311 comosa
517 3251 630 3320 fronte,
645 3251 724 3310 nudo
740 3251 887 3329 occipitio,

251 3333 355 3412 (Quem
369 3335 395 3395 si
410 3337 580 3413 occuparis,
596 3342 713 3406 teneas3
729 3335 864 3414 elapsum
878 3333 969 3396 semel

249 3419 315 3481 Non
330 3421 394 3498 ipse
408 3422 502 3499 possit
515 3418 649 3499 luppiter
663 3417 906 3499 reprehendere)

249 3503 444 3565 Occasionem
457 3521 558 3563 rerum
573 3505 720 3581 significat
733 3503 864 3564 brevem.

291 3587 420 3648 Effectus
435 3587 585 3666 inpediret
599 3607 636 3648 ne
652 3591 753 3666 segnis
767 3606 860 3657 mora,

251 3671 378 3733 Finxere
394 3673 507 3752 antiqui
521 3671 609 3733 talem
625 3674 756 3752 effigiem
769 3672 947 3752 Temporis.

296 3786 451 3826 emensus.
1022 3762 1051 3819 Β.
