2975 4234
635 389 743 445 tinnit
762 391 797 448 V.

239 539 336 604 Asello
349 541 438 601 lussit
450 539 593 620 reliquias
606 541 677 619 poni
691 539 806 602 hordei.

239 623 317 697 Quas
331 633 505 703 aspernatus
519 623 568 684 ille
583 626 626 684 sic
641 624 755 685 locutus
770 631 831 686 ests

237 708 381 772 Libenter
395 709 485 769 istum
499 725 622 786 prorsus
636 707 806 787 adpeterem
820 706 929 779 cibum,

238 792 316 862 Nisi,
332 793 384 872 qui
399 793 528 852 nutritus
542 791 592 852 illo
607 799 666 861 est,
682 791 831 869 iugulatus
845 793 933 852 foret.

282 875 377 937 Huius
390 883 529 954 respectu
542 874 659 936 fabulae
674 875 836 936 deterritus

239 960 443 1022 Periculosum
457 977 575 1038 semper
588 961 677 1019 vitavi
691 959 818 1020 lucrum.

240 1043 298 1105 Sed
313 1043 403 1104 dicls:
433 1041 490 1113 Qui
504 1059 631 1121 rapuere
646 1042 779 1112 divitias,
793 1042 914 1104 hahent.

239 1127 436 1190 Numeremus
450 1126 589 1204 agedum,
605 1129 657 1206 qui
671 1126 811 1205 deprensi
826 1129 992 1206 perierunt.

238 1211 380 1272 Maiorem
393 1208 512 1271 turbam
526 1212 697 1289 punitorum
710 1212 854 1289 reperies.

239 1295 345 1356 Paucis
359 1295 512 1355 temeritas
527 1302 572 1355 est
586 1294 678 1364 bono,
694 1295 795 1355 multis
807 1295 896 1356 malo.

590 1446 780 1506 FABVLA
805 1447 843 1508 V.

482 1541 647 1595 SGV'RRA
663 1543 718 1594 ΕΤ
735 1542 949 1597 ΒἾΒΤῙΟἾΒ.

251 1639 255 1645 ’
281 1627 374 1688 Pravo
388 1629 488 1689 lavore
503 1626 564 1689 labi
577 1627 716 1688 mortales
730 1627 826 1690 solent

239 1711 291 1783 tit,
306 1729 361 1791 pro
375 1712 487 1773 iudloio
502 1713 572 1772 dum
587 1720 667 1773 stant
680 1708 794 1772 erroris
807 1714 863 1782 sui,

242 1795 284 1857 td
298 1796 508 1875 poenitendum
522 1794 613 1856 rebus
627 1796 793 1856 manifestis
807 1798 866 1874 agi.

281 1880 427 1941 Facturus
440 1879 526 1941 ludos
540 1879 660 1960 quidam
675 1880 757 1940 dives
769 1879 887 1942 nobiles

240 1963 394 2044 Proposito
408 1971 530 2024 cunctos
542 1965 678 2024 invitavit
691 1966 833 2043 praemio,

239 2047 332 2120 Quam
346 2049 472 2128 quisque
486 2057 587 2128 posset
600 2054 634 2108 ut
646 2050 807 2109 novitatem
820 2047 998 2108 ostenderet

239 2132 354 2193 Venere
369 2133 499 2193 artifices
512 2132 609 2192 laudis
623 2131 660 2191 ad
674 2134 852 2203 certamina;

240 2214 318 2286 Quos
332 2217 412 2276 inter
425 2234 543 2286 scurra,
559 2223 646 2276 notus
660 2214 776 2276 urbano
790 2216 859 2287 sale,

240 2292 358 2360 Habere
372 2299 449 2360 dixit
462 2318 494 2360 se
508 2316 602 2378 genus
616 2300 785 2380 spectaculi,

240 2381 324 2452 Quod
338 2384 370 2442 in
384 2382 499 2444 theatro
512 2402 672 2464 numquam
686 2384 833 2464 prolatum
846 2385 935 2445 foret.

240 2465 398 2546 Dispersus
412 2484 515 2528 rumor
529 2469 676 2528 civitatem
691 2471 828 2528 concitat.

239 2549 341 2612 Paullo
355 2557 423 2612 anto
437 2568 528 2612 vacua
542 2550 660 2612 turbam
675 2550 816 2611 deliciunt
829 2551 902 2611 loca.

240 2633 273 2695 ln
287 2651 376 2695 scena
390 2651 461 2694 vero
474 2641 629 2714 postquam
643 2633 723 2694 solus
738 2635 871 2695 constitit

241 2718 311 2780 Sine
326 2717 483 2798 adparatu,
498 2718 587 2778 nullis
601 2716 794 2787 adiutoribus,

241 2801 398 2863 Silentium
412 2804 476 2882 ipsa
491 2802 564 2862 lecit
577 2804 766 2881 exspectatio.

240 2885 293 2947 llle
308 2887 340 2946 in
353 2888 452 2946 sinum
465 2893 589 2966 repente
604 2886 724 2946 demisit
738 2892 825 2965 caput

240 2969 278 3030 Et
291 2970 334 3030 sic
348 2969 472 3048 porcelli
486 2988 588 3031 vocem
603 2979 648 3032 est
662 2971 795 3030 imitatus
809 2987 871 3040 sua,
896 2958 919 3037 ‘l

240 3050 348 3114 Verum
362 3062 396 3114 ut
410 3053 531 3116 subesse
545 3054 636 3134 pallio
650 3054 864 3115 contenderent
912 3066 922 3083 ⁸

239 3136 278 3198 Et
291 3139 389 3198 excuti
403 3137 553 3199 iuberent.
583 3137 646 3208 Quo
664 3139 741 3198 lacto
756 3137 845 3198 simul

240 3220 320 3283 Nihil
334 3230 380 3282 est
393 3230 560 3300 repertum,
575 3221 675 3282 multis
691 3229 814 3282 onerant
827 3220 965 3285 laudibus

239 3305 453 3384 Hominemque
467 3306 572 3385 plausu
586 3312 807 3385 prosequuntur
820 3307 958 3368 maximo.

239 3388 302 3451 Hoc
315 3388 389 3449 vidit
402 3389 469 3450 lieri
482 3392 622 3450 rusticus.
651 3389 716 3450 Non
730 3388 898 3450 mehercule

238 3471 285 3534 lle
298 3475 412 3544 vincet,
427 3474 540 3552 lnquit:
562 3481 593 3534 et
606 3475 706 3535 statim
720 3474 871 3553 protessus
886 3481 932 3534 est

238 3554 321 3618 ldem
333 3558 482 3617 iacturum
496 3558 603 3618 melius
618 3575 650 3619 se
665 3557 820 3638 postridie.
907 3609 909 3611 .

240 3639 289 3702 l'it
301 3639 389 3702 turba
402 3642 506 3703 maior.
536 3641 597 3702 lam
611 3643 694 3703 lavor
707 3650 823 3704 mentes
837 3647 922 3702 tenet
