2975 4234
343 1099 407 1174 Du
432 1098 646 1173 PHAEDRI
670 1098 786 1172 VITA
811 1099 872 1173 ET
898 1097 1114 1174 SCRIPTIS.

314 1303 338 1364 Ι.
372 1303 524 1364 Phaedrus
544 1305 669 1382 Augusti
695 1303 821 1365 libertus
839 1337 883 1351 —
902 1322 961 1365 non
988 1307 1061 1366 satis
1088 1310 1210 1374 constat,

252 1390 317 1450 eius
337 1390 388 1468 qui
411 1390 526 1467 primus
548 1388 603 1448 hoc
629 1407 738 1449 nomen
765 1391 880 1468 accepit
900 1407 937 1448 an
958 1391 1140 1450 successoris
1161 1387 1211 1449 Ti·

178 1508 180 1517 ι
253 1471 331 1533 berii
346 1481 489 1533 -natus
510 1479 570 1542 est,
593 1475 740 1533 incertum
762 1491 820 1551 quo
836 1491 927 1542 anno,
949 1475 980 1532 in
997 1479 1096 1534 monte
1111 1472 1211 1533 Pierio

252 1556 330 1637 apud
355 1555 540 1616 Macedonas.
590 1556 671 1616 Idem
700 1564 804 1617 tenera
832 1556 927 1617 adhuc
953 1565 1049 1617 aetate
1074 1559 1106 1616 in
1132 1559 1211 1617 occi·

252 1641 371 1702 dentem
386 1641 583 1700 videturesse
599 1641 727 1710 delatus,
746 1647 779 1700 ut
797 1642 848 1719 qui
863 1643 928 1719 ipse
944 1648 1071 1711 asserat,
1081 1658 1211 1716 puerum

252 1745 283 1787 se
311 1725 419 1803 legisse
450 1727 481 1785 in
504 1725 603 1784 schola
627 1723 704 1785 Enni
733 1724 881 1803 quendam
907 1743 1041 1796 versum,
1069 1727 1130 1785 sire
1154 1725 1212 1785 llo·

253 1828 318 1871 mae
344 1809 375 1870 id
402 1810 461 1869 luit
487 1811 548 1869 sive
575 1812 674 1888 potius
701 1808 783 1868 alibi.
827 1808 938 1869 Romae
964 1811 1043 1869 enim
1070 1809 1149 1870 haud
1171 1812 1212 1869 ita

252 1894 376 1955 multum
397 1900 465 1972 post
478 1892 602 1970 Vergilii
623 1902 653 1953 et
669 1893 785 1953 Horatii
807 1891 906 1953 obitus
927 1892 1071 1954 sublatam
1093 1896 1212 1953 omnino

252 1997 269 2039 e
285 1978 363 2039 ludis
379 1980 567 2057 antiquorum
582 1980 755 2038 memoriam
771 1977 913 2038 docemur
928 1980 972 2038 eis
985 1996 1061 2056 quae
1076 1977 1113 2038 de
1129 1977 1211 2038 Vale·

252 2065 298 2124 rio
323 2061 436 2132 Probo,
463 2061 592 2122 Phaedri
618 2061 750 2142 aequali,
783 2061 875 2122 tradit
901 2061 1060 2122 Suetonius
1086 2060 1144 2142 [de
1170 2061 1212 2122 ill.

251 2164 374 2225 gramm.
390 2143 457 2226 24].
502 2145 640 2207 Ceterum
661 2145 713 2206 ubi
734 2148 766 2206 in
781 2146 923 2206 familiam
945 2146 1103 2207 Caesarum
1117 2155 1213 2206 trans·

252 2233 302 2300 lit,
331 2238 360 2290 et
386 2230 555 2291 liberalium
581 2233 688 2291 artium
715 2230 814 2290 studio
841 2240 870 2290 et
895 2230 1070 2290 dexteritate
1097 2248 1213 2290 morum

252 2315 351 2376 cllecit
366 2323 399 2374 ut
412 2313 550 2374 libertate
570 2315 739 2375 donaretur.

317 2398 378 2459 lam
399 2407 542 2474 regnante
555 2398 682 2459 ¹Tiberio
703 2417 770 2459 cum
792 2397 863 2459 bina
883 2397 1051 2459 fabularum
1066 2398 1213 2458 volumina

252 2484 414 2552 emisisset,
436 2481 536 2542 Seiani
556 2483 661 2543 fraude
683 2490 728 2543 est
749 2485 977 2542 circumventus.
1021 2482 1115 2542 Erant
1133 2484 1213 2542 enim

251 2569 284 2628 in
309 2569 354 2628 eis
373 2585 449 2647 quae
470 2585 487 2626 a
509 2567 628 2626 civitate
650 2569 797 2626 serviente
820 2574 850 2626 et
871 2574 978 2626 cuncta
992 2567 1151 2644 malignius
1166 2569 1212 2626 in·

252 2658 436 2732 terpretante
457 2650 536 2711 haud
557 2650 742 2710 incommode
765 2659 887 2729 possent
906 2649 985 2710 ssecti
1006 2652 1039 2711 in
1054 2650 1108 2711 hos
1122 2652 1212 2730 ipsos,

251 2744 376 2816 utputa
397 2754 473 2815 quac
496 2735 532 2795 de
554 2736 637 2795 ranis
657 2751 759 2811 regem
781 2733 952 2813 petentibus
974 2735 1019 2794 vel
1041 2735 1077 2795 de
1092 2735 1213 2812 graculo

252 2819 446 2899 superbiente
467 2828 654 2899 prompserat
669 2821 811 2897 scriptor,
833 2837 871 2878 ne
887 2818 945 2878 alia
959 2819 1116 2898 pleraque,
1138 2837 1213 2898 quae

254 2906 398 2983 pravitate
428 2906 628 2965 conscientiae
659 2911 709 2964 aut
738 2903 908 2982 suspicandi
938 2906 1105 2963 temeritate
1135 2903 1214 2963 trahi

252 2995 376 3068 potuere
390 2990 422 3048 in
438 2991 567 3058 crimen,
584 3007 664 3048 nunc
678 2997 842 3065 tangamus.
886 2985 970 3057 Quod
985 3006 1053 3048 cum
1067 2989 1108 3047 ita
1124 2994 1213 3056 esset,

251 3091 268 3133 a
290 3072 398 3132 Seiano
424 3073 469 3132 vel
499 3071 660 3132 clientibus
679 3074 776 3150 ipsius
797 3073 962 3132 maiestatis
988 3081 1034 3132 est
1059 3079 1215 3132 accusatus

251 3157 465 3235 damnatusque
486 3157 563 3218 haud
585 3156 690 3225 dubie,
718 3157 774 3216 etsi
802 3156 838 3216 de
859 3174 953 3234 poena
979 3157 1044 3215 eius
1063 3174 1122 3215 non
1142 3157 1215 3216 satis

252 3248 378 3302 constet.
399 3272 402 3279 ,
423 3239 526 3319 Neque
549 3259 620 3300 vcro
640 3241 800 3301 interiecto
816 3239 923 3300 Seiano
937 3241 1126 3300 inimicorum
1147 3239 1215 3299 odio

251 3334 282 3387 et
301 3326 497 3387 insectatione
520 3327 616 3385 caruit
636 3325 731 3394 idem,
754 3323 863 3402 quibus
883 3323 1043 3384 obnoxium
1059 3343 1090 3384 se
1105 3323 1215 3384 identi-

252 3409 319 3470 dem
340 3411 451 3471 latctur
472 3408 549 3468 libro
564 3411 664 3469 tertio.
702 3409 788 3469 Hunc
803 3426 870 3468 cum
884 3408 1022 3468 leniendo
1037 3407 1129 3467 dolori
1145 3426 1215 3467 con·

251 3495 418 3572 posuisset,
440 3493 574 3571 Eutycho
597 3493 714 3552 cuidam
735 3494 890 3570 inscripsit
909 3491 1018 3552 liberto
1034 3492 1064 3552 C.
1081 3492 1222 3552 Caesaris

252 3577 297 3638 rel
321 3578 435 3640 Claudii
456 3596 545 3657 quem
573 3577 660 3638 simul
680 3584 713 3637 ut
734 3594 766 3637 se
787 3576 1004 3636 vindicaretis
1017 3572 1180 3648 per‘xsxms
1188 3569 1246 3615 'xxx-
