2975 4234
269 389 312 452 44
548 395 709 450 PHAEDRI
728 395 951 451 FABVLARVM

271 545 344 606 Vsus
359 549 463 624 poetae
478 563 561 605 more
577 553 622 605 est
637 554 668 605 et
681 545 803 606 licentia

269 629 364 708 Atque
379 631 559 706 interposuit
573 631 690 707 gemina
705 629 803 690 Ledae
817 631 954 709 pignera,

269 715 480 774 Auctoritatem
496 713 601 774 similis
615 714 751 774 referens
769 714 890 791 gloriae.

270 799 351 877 Opus
365 797 553 878 adprobavit;
568 798 621 857 sed
635 798 784 858 mercedis
798 800 917 858 tertiam

268 884 391 962 Accepit
404 889 528 961 partem.
559 882 633 943 Cum
647 883 791 942 relicuam
805 889 956 961 posceret:

268 966 328 1036 liii,
344 968 455 1046 inquit,
472 966 611 1036 reddent,
628 985 755 1045 quorum
770 974 839 1026 sunt
854 966 950 1027 laudis
964 966 1050 1028 duae.

268 1050 392 1120 Verum,
408 1057 492 1111 utne
507 1052 583 1110 irate
598 1059 627 1110 te
643 1051 799 1111 dimissum
813 1069 944 1121 censeas,

268 1135 312 1196 nd
327 1115 518 1196 oenam‘miiri
532 1137 689 1214 promitte;
705 1143 846 1212 cognatos
861 1134 925 1194 volo

267 1220 362 1280 Hodie
376 1221 518 1288 invitare,
534 1237 660 1298 quorum
675 1237 707 1278 es
721 1221 754 1279 in
768 1237 892 1278 numero
906 1218 990 1280 mihi.

267 1304 434 1365 Fraudatus
448 1305 581 1382 quamvis
595 1311 625 1362 et
640 1302 743 1363 dolens
757 1305 877 1372 iniuria,

267 1388 311 1449 Ne
326 1388 401 1448 male
417 1387 607 1448 dissimulans
621 1389 744 1464 gratiam
760 1393 970 1465 corrumperet,

267 1472 419 1532 Promisit.
448 1471 549 1531 Rediit
562 1472 636 1531 hora
651 1471 744 1540 dicta,
761 1471 909 1532 recubuit.

268 1555 450 1635 Splendebat
463 1555 556 1616 hilare
571 1554 685 1634 poculis
700 1558 883 1626 convivium,

267 1641 371 1718 Magno
387 1641 529 1720 adparatu
543 1639 619 1700 laeta
635 1639 793 1700 resonabat
807 1641 927 1701 domus:

267 1726 400 1804 Repente
415 1726 473 1785 duo
488 1743 556 1784 cum
571 1726 693 1785 iuvenes
708 1726 805 1803 sparsi
820 1722 950 1803 pulvere,

268 1809 381 1870 Sudore
396 1809 489 1868 merito
504 1807 688 1878 diissuentes,
704 1826 830 1887 corpore

266 1893 430 1953 Humanam
445 1911 533 1971 supra
547 1893 688 1962 sormam,
705 1893 822 1952 cuidam
837 1891 954 1952 servulo

266 1977 419 2051 Mandant,
436 1985 470 2037 ut
484 1977 520 2036 ad
535 1995 565 2037 se
581 1985 721 2056 provocet
736 1976 935 2046 Simonidem

126 2043 350 2230 sglffits
364 2063 524 2130 interesse,
542 2080 580 2121 ne
594 2062 684 2122 faciat
698 2079 821 2121 moram.

293 2164 360 2206 omo
374 2143 566 2224 perturbatus
581 2147 689 2205 excitat
704 2144 897 2206 Simonidem.

223 2284 224 2287 ,
267 2230 362 2289 Vnum
377 2238 529 2308 promorat
543 2231 591 2288 vix
606 2229 713 2308 pedem
727 2231 871 2298 triclinio,

266 2314 362 2373 Ruina
377 2331 511 2373 camarae
526 2312 624 2373 subito
638 2316 787 2392 oppressit
801 2322 933 2383 ceteros;

267 2397 328 2458 Neo
342 2396 395 2457 uili
411 2400 532 2457 iuvenes
547 2404 616 2457 sunt
629 2399 742 2475 reperti
758 2397 794 2458 ad
809 2399 936 2457 ianuam.

267 2480 304 2541 vt
318 2489 364 2542 est
378 2479 513 2558 vulgatus
528 2481 600 2541 ordo
614 2489 753 2542 narratae
767 2484 823 2550 rei,

268 2564 377 2626 Omnes
392 2567 524 2626 scierunt
538 2567 692 2626 numinum
707 2567 906 2645 praesentiam

266 2649 333 2709 Vati
348 2649 464 2710 dedisse
481 2651 570 2709 vitam
584 2651 731 2710 mercedis
746 2651 821 2710 loeo.

454 2781 595 2850 rodurn
610 2797 669 2848 Ap
686 2764 1052 2851 Parmenonem

307 2899 410 2960 Adhuc
424 2908 584 2979 supersunt
597 2901 703 2969 multa,
719 2919 794 2978 quae
809 2903 921 2980 possim
934 2901 1026 2980 loqui,

265 2983 304 3044 Et
318 2985 438 3063 copiosa
453 2983 582 3044 abundat
597 3002 698 3043 rerum
713 2986 857 3055 varietas:

266 3067 324 3128 Sed
340 3075 520 3146 temperatae
536 3085 640 3128 suaves
656 3075 724 3128 sunt
739 3070 882 3146 argutiae,

264 3149 441 3212 immodicae
456 3152 617 3212 oiiendunt.
646 3151 758 3222 Quare,
774 3156 820 3212 vir
835 3155 1030 3224 sanctissime,

264 3234 430 3306 Particulo,
447 3235 559 3296 chartis
573 3254 680 3298 nomen
694 3239 842 3297 victurum
857 3238 942 3307 meis,

264 3317 379 3380 Latinis
394 3320 464 3380 dum
479 3319 611 3381 manebit
624 3322 755 3400 pretium
770 3321 888 3390 litteris,

265 3401 298 3463 Si
313 3421 372 3464 non
386 3405 553 3481 ingenium,
569 3413 650 3465 certe
666 3404 841 3466 brevitatem
856 3404 996 3486 adprobo,

264 3484 345 3557 Quae
361 3489 552 3549 conmendari
567 3495 649 3549 tanto
664 3488 754 3550 debet
767 3491 884 3560 iustius,

264 3570 379 3642 Quanto
393 3578 499 3653 poetae
515 3582 584 3634 sunt
597 3573 711 3633 molesti
727 3573 863 3636 validius.

641 3726 843 3736 -————-
