2975 4234
301 466 343 532 34
579 472 740 528 Piranum
761 472 984 528 FABVLARVM

300 622 459 702 Postquam
473 630 647 701 consumpta
662 632 708 683 est
722 625 865 701 temporis
879 622 960 700 longi
974 641 1069 694 mora,

194 780 204 801 Ἰ
300 706 363 768 Neo
377 709 546 767 testamenti
560 709 659 786 potuit
673 724 781 767 sensus
795 706 903 784 colligi,

208 836 211 841 -
300 791 404 851 Fidem
418 790 584 869 advocarit,
600 793 667 851 iure
681 790 836 869 neglecto,
846 808 966 870 pareus.

301 872 426 955 Seponit
439 875 580 936 moechae
594 881 720 945 vestem,
736 875 879 936 mundum
893 874 1079 947 muliebrem,

300 958 490 1020 Lavationem
504 969 690 1037 argenteam,
706 959 872 1028 eunuchos,
888 957 1021 1036 glabros;

300 1043 448 1104 Lanilloas
464 1043 586 1121 agellos,
603 1061 726 1122 peoora,
741 1042 856 1112 villam,
872 1045 1034 1122 operarios,

300 1128 410 1197 bores,
426 1130 557 1188 iumenta
572 1134 603 1188 et
617 1129 848 1188 instrumentum
861 1129 1021 1198 rusticum;

299 1210 413 1273 Potrici
427 1212 544 1292 plenam
559 1213 689 1291 antiquis
704 1211 878 1291 apothecam
892 1211 984 1283 eadis,

299 1296 424 1357 Domum
439 1295 561 1376 politam
575 1302 606 1356 et
620 1295 762 1357 delicatos
775 1295 919 1355 hortulos.

300 1380 350 1441 Sie
365 1380 510 1440 destinata
526 1380 597 1440 dare
612 1398 680 1440 eum
694 1380 783 1440 vellet
797 1379 923 1457 singulis

298 1464 337 1525 Et
351 1463 530 1544 adprobaret
543 1463 682 1543 populus,
699 1466 751 1544 qui
765 1463 831 1523 illas
845 1470 977 1535 noverat,

299 1550 432 1628 Aesopus
445 1548 544 1608 media
559 1547 656 1608 subito
670 1550 703 1609 in
717 1547 806 1608 turba
821 1549 970 1610 constitit:

299 1633 324 1694 0
339 1635 365 1693 si
379 1639 513 1693 maneret
527 1632 646 1692 condito
661 1650 766 1693 seusus
779 1634 867 1711 patri,

298 1716 393 1787 Quam
407 1718 538 1794 grarlter
551 1718 659 1786 ferret,
674 1715 754 1797 quod
767 1715 946 1776 voluntatem
960 1734 1044 1778 suam

298 1801 494 1880 Interpretari
508 1819 567 1861 non
585 1803 751 1880 potuissent
764 1801 869 1861 lnioi!

298 1886 428 1963 Rogatus
442 1885 550 1946 deinde
565 1885 652 1946 solvit
666 1902 800 1945 errorem
814 1886 955 1944 omnium.

230 2032 234 2053 ἱ
279 1990 285 2051 '=.
298 1969 423 2031 Domum
439 1978 469 2029 et
483 1977 655 2030 ornamenta
670 1987 738 2029 oum
752 1971 886 2028 venustis
899 1967 1025 2029 hortulis

232 2058 235 2063 '
283 2053 335 2114 m
348 2056 417 2114 vina
431 2061 531 2114 vetera
545 2053 611 2113 date
626 2053 762 2114 lanilieae
776 2055 922 2122 rusticae;

284 2137 431 2207 Vestem,
446 2139 586 2206 uniones,
602 2137 780 2217 pedisequos
795 2143 825 2197 et
839 2143 940 2196 cetera

220 2228 238 2260 s
281 2220 343 2283 ''llli
358 2221 525 2299 adsignata,
541 2223 630 2281 vitam
644 2239 719 2300 quae
734 2219 806 2297 luxu
819 2220 928 2289 trahit;

221 2361 224 2367 .
283 2346 286 2367 ,
298 2307 405 2384 Agros,
422 2305 577 2384 villamque
592 2313 623 2365 et
636 2323 744 2384 peoora
759 2321 827 2365 enm
840 2303 1010 2384 pastoribus

282 2389 409 2451 Ilionate
424 2389 574 2451 moechae.
604 2389 689 2450 Nulla
703 2391 814 2468 poterit
827 2391 953 2467 perpeti,

297 2473 335 2534 Vt
349 2473 483 2536 moribus
497 2473 569 2554 quid
583 2480 685 2533 teneat
699 2473 827 2533 alienum
842 2474 914 2532 suis.

220 2588 225 2627 ε
268 2554 277 2637 ’ξ
297 2558 446 2619 Deformis
460 2557 570 2618 eultum
584 2557 703 2627 vendet,
719 2564 754 2617 ut
767 2558 868 2617 riuum
882 2564 983 2635 paret;

222 2679 244 2712 2
275 2652 281 2712 l
297 2645 392 2721 Agros
406 2641 516 2704 ableiet
530 2641 668 2712 moecha,
683 2647 718 2702 ut
731 2648 868 2702 ornatum
882 2649 981 2718 geram

218 2782 235 2833 ,Β
275 2758 281 2811 3
298 2728 335 2789 At
348 2727 400 2788 llla
414 2725 545 2805 gaudens
559 2744 667 2805 pecore
683 2733 713 2786 et
726 2725 811 2787 lanae
826 2725 926 2785 dedita

216 2828 224 2835 ·
296 2809 486 2890 Quacumque
501 2828 615 2871 summa
629 2809 727 2871 tradet
740 2810 875 2871 luxuriae
890 2809 1020 2871 domum.

298 2895 347 2955 Sic
361 2894 440 2956 nulla
455 2893 632 2974 possidebit,
649 2895 727 2973 quod
741 2895 837 2954 luerit
851 2893 961 2963 datum,

296 2978 335 3040 Et
349 2979 457 3040 dietam
473 2980 561 3038 matri
576 2979 730 3038 conferent
744 2979 901 3057 pecuniam

296 3063 340 3124 Ex
354 3066 452 3143 pretio
466 3080 583 3131 rerum,
598 3080 672 3141 quas
685 3062 874 3122 vendiderint
888 3061 1031 3139 singulae.

338 3146 382 3208 lta
396 3146 474 3226 quod
488 3146 649 3207 multorum
663 3147 741 3224 lugit
754 3145 985 3226 inprudentiam,

297 3229 388 3292 Vnius
402 3231 532 3292 hominis
545 3231 680 3309 repperit
694 3230 835 3291 sollertia.

644 3381 835 3442 FABVLA
855 3382 909 3441 VI.

407 3481 556 3532 Pvems
572 3481 750 3532 MVRIVM
766 3481 820 3531 ΕΤ
835 3479 1140 3533 mammam

339 3568 411 3629 Cum
426 3569 496 3627 vieti
510 3585 612 3628 mures
625 3567 819 3642 mustelarum
834 3568 967 3626 exercitu

298 3651 438 3731 (Historia
452 3670 578 3731 quorum
593 3653 668 3712 etin
682 3649 817 3710 tabernis
830 3650 973 3731 pingitur)

294 3735 447 3811 Fugerent
461 3744 491 3797 et
505 3745 585 3798 artos
599 3737 712 3796 circum
727 3733 913 3813 trepidarent
927 3752 1023 3805 navos,
