2975 4234
281 994 282 997 ‘
413 1027 628 1102 Pulsum
653 1026 859 1102 averem
883 1026 1074 1101 omnen

284 1225 710 1310 FABVLARVM
744 1222 1199 1309 AESOPIARVM

561 1431 706 1490 LIBER
733 1430 922 1491 PRIMVS.

679 1632 817 1640 -—--——-

623 1797 857 1851 PROLOGVS.

304 1902 436 1981 Aesopus
452 1906 555 1962 auctor
569 1918 658 1979 quam
672 1901 827 1960 materiam
840 1902 983 1980 repperit,

263 1985 345 2047 llano
360 2003 415 2063 ego
429 1985 520 2065 polivi
534 1983 670 2045 versibus
685 1985 822 2044 senariis.

263 2069 377 2149 Duplex
390 2068 484 2130 libelli
500 2069 552 2129 dos
567 2076 628 2129 est:
652 2067 730 2147 quod
745 2069 840 2129 risum
854 2077 952 2129 movet

263 2152 301 2215 Et
314 2153 391 2232 quod
406 2153 545 2233 prudenti
563 2154 652 2212 vitam
668 2152 793 2213 oonsilio
807 2161 917 2213 monet.

263 2236 441 2298 Calumniari
457 2237 551 2315 siquis
565 2244 663 2298 autem
677 2236 814 2305 voluerit,

263 2318 347 2391 Quod
363 2318 485 2380 arbores
499 2319 671 2399 loquantur,
687 2339 746 2381 non
761 2322 983 2391 tantumdem,

264 2404 357 2468 Fictis
371 2405 465 2464 iocari
480 2420 533 2463 nos
548 2406 719 2464 meminerit
733 2404 852 2464 sabulis.

619 2555 811 2614 FABVLA
836 2555 861 2614 1.
898 2603 900 2608 .

445 2666 447 2669 ·
551 2651 689 2702 Lvu’vs
706 2652 761 2702 ΕΤ
777 2651 931 2704 AGNVS.

304 2737 348 2798 Ad
362 2739 459 2798 rivum
474 2736 600 2798 eundem
615 2737 702 2816 lupus
718 2745 748 2797 et
762 2755 854 2816 agnus
868 2747 1010 2799 venerant

264 2821 319 2883 Siti
335 2821 485 2901 conpulsl;
509 2823 646 2900 superior
662 2821 759 2882 stabat
772 2822 859 2902 lupus

263 2905 421 2984 Longeque
436 2906 562 2966 inferior
577 2922 679 2983 agnus.
709 2905 793 2967 'luno
807 2908 893 2971 iauue
908 2906 1034 2986 inproba
1081 2916 1086 2926 ⁴

262 2987 352 3050 Latro
365 2991 506 3050 incitatus
520 2991 611 3066 iurgii
626 3007 743 3050 oausam
757 2991 865 3052 intulit.

263 3072 337 3142 Cur,
352 3074 463 3152 inquit,
480 3072 680 3133 turbulentam
695 3075 793 3134 iecisti
807 3075 881 3135 mibi
1200 3084 1217 3136 5

263 3157 374 3236 Aquam
390 3155 524 3217 bibenti?
553 3157 681 3235 Laniger
694 3165 797 3218 eontra
799 3161 974 3250 timens„
1026 3202 1085 3236 v.

262 3238 319 3310 Qui
335 3257 470 3320 possum,
486 3258 608 3321 quaeso,
624 3243 739 3313 lasere,
755 3243 833 3320 quod
848 3245 998 3322 quereris,
1013 3242 1102 3324 lupel

262 3329 330 3386 dte
346 3324 478 3385 decurrit
493 3325 529 3385 ad
543 3344 625 3386 meos
639 3326 761 3387 haustus
776 3327 883 3406 liquor

262 3408 407 3488 Repulsus
421 3409 471 3469 ille
488 3411 621 3469 veritatis
635 3409 762 3470 viribus:

262 3495 336 3553 Ante
351 3493 405 3553 hos
420 3511 472 3554 sex
486 3510 603 3552 menses
617 3493 706 3562 male,
717 3473 778 3564 ai't,
795 3495 897 3556 dixisti
912 3495 996 3556 mibi
1185 3503 1221 3549 iu

263 3575 423 3656 Respondit
438 3593 544 3655 agnus:
573 3576 720 3657 Equidem
734 3589 824 3640 natus
835 3598 902 3639 non
914 3597 1014 3639 eram

307 3690 462 3734 antropus.
1023 3669 1052 3724 Χ
