2975 4234
675 409 783 465 LIBER
803 411 825 468 1.

619 601 809 662 FABVLA
830 602 883 663 IX.

367 707 529 762 ΡΔΒΒΕΒ
544 710 603 761 AD
619 708 826 761 mom
843 707 1132 767 commemora

316 809 380 873 Sibi
394 830 453 872 non
469 829 573 873 carere
588 819 619 873 et
633 812 700 873 aliis
714 811 870 872 consilium
883 811 956 873 darc

274 894 401 958 Stultum
416 913 481 957 esse
496 898 600 975 paucis
614 896 804 957 ostendamus
816 894 962 957 versibus.

314 979 497 1060 Oppressum
511 979 549 1041 ab
564 981 661 1060 aquila
677 989 707 1040 et
720 979 809 1041 lletus
823 980 959 1041 edentem
973 997 1079 1059 gravas

272 1063 418 1144 Leporem
433 1062 608 1142 obiurgabat
623 1082 739 1142 passer:
770 1063 828 1125 Ubi
842 1066 1005 1144 pernicitas
1328 1137 1330 1140 .

273 1148 361 1219 Nota,
378 1150 489 1228 inquit,
505 1148 556 1208 illa
571 1149 634 1208 esti
662 1147 740 1218 Quid
755 1150 796 1227 ita
811 1156 965 1209 cessarunt
978 1148 1088 1228 pedesl
1212 1156 1228 1206 5

272 1232 348 1295 Dum
362 1233 509 1312 loquitur,
525 1234 623 1312 ipsum
638 1234 783 1312 accipiter
796 1235 976 1311 necopinum
989 1235 1069 1312 rapit

272 1315 441 1403 Questuque
456 1335 531 1376 vano
545 1317 745 1378 clamitantem
760 1318 912 1377 interficit.

271 1400 368 1479 Lepus
383 1403 576 1462 semanimus:
605 1401 708 1461 Mortis
723 1419 762 1461 en
777 1400 933 1461 solacium!

271 1482 327 1555 Qui
342 1485 429 1545 modo
443 1502 567 1545 securus
581 1493 682 1545 nostra
697 1484 849 1546 inridebas
863 1484 950 1555 mala,

272 1567 369 1629 Simili
384 1569 504 1648 querela
519 1569 579 1629 iata
594 1569 729 1647 deploras
743 1578 804 1630 tua.

621 1736 813 1796 FABVLA
837 1736 875 1796 X.

395 1842 534 1894 LVva
551 1842 606 1893 uu
624 1843 790 1894 VVLPES
807 1843 955 1894 1vn10m
973 1843 1122 1900 annos

310 1943 495 2026 Quicumque
511 1947 590 2025 turpi
606 1945 709 2006 fraude
725 1946 816 2006 semel
832 1948 971 2017 innotuit,

269 2029 366 2092 Etiam
381 2031 406 2091 si
421 2048 525 2090 verum
539 2031 626 2100 dicit,
643 2032 753 2090 amittit
767 2031 865 2091 fidem.

268 2112 330 2174 Hoc
345 2114 508 2175 adtestatur
523 2113 623 2174 brevis
637 2115 744 2193 Aesopi
763 2113 872 2175 labula.

310 2197 411 2277 Lupus
426 2197 569 2276 arguebat
583 2198 702 2278 vulpem
712 2201 787 2260 furti
802 2200 947 2269 crimine;

268 2279 400 2358 Negabat
414 2283 464 2343 illa
478 2300 510 2343 se
525 2301 591 2343 esse
607 2282 709 2362 culpae
724 2285 899 2363 proximam.

269 2363 352 2426 'lunc
366 2365 455 2426 uidex
470 2368 548 2427 inter
563 2367 630 2427 illos
645 2366 723 2428 sedit
736 2369 852 2428 simius.

268 2448 399 2529 Uterque
414 2468 533 2510 causam
548 2469 616 2511 cum
630 2460 820 2530 perorassent
835 2469 927 2522 suam,

266 2532 383 2594 Dixisse
397 2534 494 2594 fertur
509 2535 614 2595 simius
628 2537 821 2596 sententiam:
849 2599 872 2612 ,

267 2616 312 2678 Tu
326 2635 386 2678 non
400 2616 511 2678 uideris
526 2602 786 2697 perdidissbquod
802 2590 896 2696 pbtis;

266 2701 309 2762 'lo
324 2702 414 2763 credo
429 2700 615 2781 subripuisse
631 2702 708 2780 quod
723 2702 847 2780 pulchre
863 2718 963 2778 negas.

613 2869 806 2930 FABVLA
828 2871 880 2929 xi.

452 2975 605 3028 A'smvs
622 2977 677 3027 E'I'
695 2976 778 3028 LEO
796 2975 1034 3031 mumma.

307 3077 431 3139 Virtutis
446 3096 553 3158 expers
567 3077 667 3138 verbis
682 3080 795 3139 iactans
808 3079 933 3156 gloriam

266 3160 382 3238 lgnotos
397 3163 487 3232 fallit,
504 3163 581 3222 notis
596 3170 641 3222 cst
654 3162 778 3223 derisui.

306 3246 414 3307 Venari
430 3246 519 3307 asello
534 3247 641 3307 comite
656 3264 724 3306 cum
734 3246 826 3343 pellet
840 3247 897 3345 lpo,

264 3329 399 3392 Contexit
412 3329 496 3391 illum
510 3331 617 3390 frutice
634 3339 664 3390 et
673 3319 830 3391 admonu'r't
844 3325 941 3401 sur'sul.

265 3413 302 3476 Ut
315 3415 432 3475 insueta
448 3432 518 3475 voce
533 3423 661 3475 terreret
679 3415 769 3484 ieras,

265 3497 422 3576 Fugientes
437 3499 501 3577 ipse
516 3501 677 3578 exciperet.
707 3498 763 3558 llic
777 3498 923 3561 auritulus

263 3580 426 3643 Clamorem
441 3581 540 3642 subito
555 3585 624 3643 totis
639 3582 715 3643 tollit
729 3582 842 3643 viribus

263 3663 402 3747 Novoque
417 3665 518 3726 turbat
532 3665 642 3727 bestias
657 3667 815 3728 miraculo.
