2975 4234
263 390 307 457 60
540 396 703 452 PHAEDRI
722 397 945 453 FABVLARVM

264 545 370 625 Plagae
384 554 559 627 supersunt,
575 547 683 608 desunt
695 547 770 608 milri
785 546 914 618 cibaria;

265 629 399 693 Subinde
414 630 451 692 ad
465 631 565 693 villam
579 633 681 692 mittor
696 633 761 692 sine
776 634 895 691 viatico.

264 714 351 777 liomi
364 716 391 777 si
405 723 524 786 menet,
539 717 611 777 totis
624 723 725 795 persto
739 715 886 784 noctibus,

265 798 333 861 sno
349 807 394 862 est
408 807 541 870 uocatus,
557 802 640 862 iaceo
655 799 692 860 ad
706 799 802 860 lucam
817 802 849 860 in
864 802 980 861 semita.

263 883 387 945 Emerui
400 883 583 953 libertatem,
600 902 691 945 canus
705 886 814 944 servio.

265 967 362 1031 Ullius
376 987 472 1031 essem
487 969 590 1048 culpae
602 968 677 1029 mihi
691 969 717 1028 si
731 970 877 1038 conscius,

264 1052 366 1135 Aequo
379 1055 478 1115 animo
491 1053 616 1115 serrem:
644 1071 805 1132 numquam
821 1072 886 1113 sum
900 1053 996 1113 iactus
1010 1059 1092 1114 satur

264 1136 302 1199 ua
315 1155 406 1219 super
418 1137 521 1198 Infelix
536 1155 654 1199 saevum
669 1139 767 1216 patior
782 1137 958 1198 dominium.

264 1221 325 1283 llas
338 1228 460 1303 propter
474 1239 576 1282 causas
591 1229 621 1282 et
635 1240 708 1300 quas
721 1220 842 1299 longum
857 1227 903 1281 est
917 1239 1064 1300 promere,

265 1306 356 1369 atne
370 1306 530 1375 destinavi,
546 1324 604 1386 quo
618 1306 741 1366 tulerint
755 1306 858 1385 pedes.
1191 1311 1225 1366 te

264 1390 361 1471 Ergo,
376 1391 488 1471 inquit,
505 1390 589 1451 audi:
613 1407 681 1450 cum
695 1390 766 1451 mali
780 1390 824 1450 nil
839 1391 956 1459 leceris,

265 1475 345 1539 llaec
360 1476 520 1555 experiris,
537 1482 570 1535 ut
584 1475 696 1544 refers,
713 1474 914 1535 incommoda:

266 1559 341 1632 end
356 1561 382 1621 sl
395 1559 546 1639 peccaris?
566 1577 641 1637 quae
657 1567 686 1619 te
701 1577 859 1637 passurum
870 1558 976 1638 putas!

265 1643 330 1707 'lali
344 1643 467 1705 consilio
482 1649 527 1702 est
541 1660 558 1702 a
572 1645 642 1719 luga
658 1643 830 1704 deterritus.

596 1795 789 1855 FABVLA
810 1797 890 1856 xix.

341 1892 482 1955 EQVVS
509 1892 802 1954 QVADRIGALIS
827 1893 878 1944 m
901 1891 1141 1945 mmmm

589 1960 896 2014 vuinitmarus,

355 2041 511 2098 Ferendum
529 2058 588 2096 esse
607 2056 697 2108 aequo
715 2041 822 2108 animo,
840 2041 975 2109 quiequid
992 2040 1133 2097 acciderit.

306 2140 421 2220 Equum
436 2157 453 2200 e
468 2139 611 2218 quadriga
626 2139 728 2200 multis
742 2139 849 2219 palmis
863 2138 995 2200 nobilem

266 2224 372 2301 Abegit
386 2223 505 2302 quidam
521 2225 596 2283 etin
610 2225 770 2302 pistrinum
785 2224 925 2284 vendidit.

264 2309 429 2371 Productus
444 2307 480 2368 ad
495 2306 658 2367 bibendum
673 2326 741 2367 cum
756 2309 834 2368 loret
848 2327 865 2368 a
879 2306 974 2378 molle,

265 2393 298 2456 ln
313 2395 426 2452 circum
441 2392 579 2471 aequales
593 2393 639 2452 ire
655 2395 809 2470 conspexit
823 2410 901 2462 suos,

264 2477 397 2554 ingrata
412 2475 491 2536 ludis
505 2476 666 2536 redderent
681 2478 853 2537 certamina.

263 2560 408 2623 Lacrimis
423 2559 553 2621 obortis:
582 2559 626 2620 lte
641 2560 760 2630 felices,
776 2562 827 2630 ait,

264 2645 418 2708 Celebrate
433 2646 498 2705 sine
513 2663 560 2704 me
576 2663 665 2705 cursu
681 2644 853 2705 sollemnem
869 2646 963 2715 diem;

263 2729 325 2807 Ego
341 2747 399 2808 quo
414 2728 538 2789 scelesta
553 2729 629 2789 luris
644 2732 765 2790 attraxit
779 2748 892 2800 manus,

263 2813 309 2875 lbi
324 2820 403 2874 sorte
419 2814 499 2873 tristi
514 2814 573 2873 lata
590 2812 706 2874 dellebo
720 2832 797 2874 mea.

605 2965 799 3024 FABVLA
820 2967 884 3025 XX.

526 3063 680 3114 VRSVS
705 3063 960 3117 ESVRIENS.

307 3158 338 3218 Si
353 3157 470 3237 quando
485 3160 517 3218 in
533 3158 615 3218 silvis
629 3177 699 3219 urso
715 3158 824 3218 desunt
838 3161 949 3237 copiae,

265 3243 458 3322 Scopulosum
473 3242 509 3302 ad
524 3241 608 3303 littus
623 3244 718 3303 currit
733 3252 763 3302 et
777 3243 928 3322 prendens
941 3250 1058 3322 petram

263 3326 361 3388 Pilosa
375 3344 463 3387 crura
478 3329 590 3388 sensim
605 3327 735 3388 demittit
749 3327 836 3397 vado;

264 3410 395 3481 Quorum
410 3412 489 3472 inter
503 3411 588 3472 villos
604 3413 704 3472 cancri
720 3411 806 3471 simul
820 3417 853 3470 ut
867 3411 1036 3481 haeserunt,

264 3494 298 3556 ln
313 3502 424 3555 terram
440 3497 588 3575 arripiens
605 3497 717 3557 excutit
731 3495 871 3574 praedam
885 3498 976 3557 maris
1206 3497 1225 3551 5

263 3578 397 3658 Escaque
413 3580 524 3640 fruitur
538 3583 648 3659 passim
663 3580 785 3640 collecta
799 3581 892 3641 valer.

302 3663 383 3740 Ergo
399 3666 489 3724 etiam
503 3665 600 3725 stultis
615 3666 694 3725 acuit
708 3667 862 3741 ingenium
876 3667 980 3727 sames.
