<?xml version="1.0" encoding="UTF-8"?>
<!DOCTYPE html PUBLIC "-//W3C//DTD XHTML 1.0 Transitional//EN"
    "http://www.w3.org/TR/xhtml1/DTD/xhtml1-transitional.dtd">
<html xmlns="http://www.w3.org/1999/xhtml" xml:lang="en" lang="en">
 <head>
  <title>
</title>
<meta http-equiv="Content-Type" content="text/html;charset=utf-8" />
  <meta name='ocr-system' content='tesseract 3.04.00' />
  <meta name='ocr-capabilities' content='ocr_page ocr_carea ocr_par ocr_line ocrx_word'/>
</head>
<body>
  <div class='ocr_page' id='page_1' title='image "./phaedriaugustil06phaegoog_0059.png"; bbox 0 0 2975 4234; ppageno 0'>
   <div class='ocr_carea' id='block_1_1' title="bbox 637 421 813 479">
    <p class='ocr_par' dir='ltr' id='par_1_1' title="bbox 637 421 813 479">
     <span class='ocr_line' id='line_1_1' title="bbox 637 421 813 479; baseline 0.011 -2"><span class='ocrx_word' id='word_1_1' title='bbox 637 421 744 478; x_wconf 75' lang='lat' dir='ltr'>LIBER</span> <span class='ocrx_word' id='word_1_2' title='bbox 764 421 813 479; x_wconf 85' lang='lat' dir='ltr'>lV.</span> 
     </span>
    </p>
   </div>
   <div class='ocr_carea' id='block_1_2' title="bbox 246 569 1019 2250">
    <p class='ocr_par' dir='ltr' id='par_1_2' title="bbox 247 569 933 652">
     <span class='ocr_line' id='line_1_2' title="bbox 247 569 933 652; baseline 0.001 -20"><span class='ocrx_word' id='word_1_3' title='bbox 247 569 386 633; x_wconf 81' lang='lat' dir='ltr'>Pervenit</span> <span class='ocrx_word' id='word_1_4' title='bbox 400 569 436 632; x_wconf 87' lang='lat' dir='ltr'>ad</span> <span class='ocrx_word' id='word_1_5' title='bbox 452 569 590 631; x_wconf 89' lang='lat' dir='ltr'>draconis</span> <span class='ocrx_word' id='word_1_6' title='bbox 604 571 775 652; x_wconf 83' lang='lat' dir='ltr'><strong>speluncam</strong></span> <span class='ocrx_word' id='word_1_7' title='bbox 789 573 933 642; x_wconf 87' lang='lat' dir='ltr'>intimam,</span> 
     </span>
    </p>

    <p class='ocr_par' dir='ltr' id='par_1_3' title="bbox 248 654 815 735">
     <span class='ocr_line' id='line_1_3' title="bbox 248 654 815 735; baseline -0.002 -18"><span class='ocrx_word' id='word_1_8' title='bbox 248 654 438 718; x_wconf 83' lang='lat' dir='ltr'>Custodiebat</span> <span class='ocrx_word' id='word_1_9' title='bbox 453 657 505 735; x_wconf 92' lang='lat' dir='ltr'>qui</span> <span class='ocrx_word' id='word_1_10' title='bbox 519 655 675 717; x_wconf 81' lang='lat' dir='ltr'>thesauros</span> <span class='ocrx_word' id='word_1_11' title='bbox 689 655 815 717; x_wconf 86' lang='lat' dir='ltr'>abditos.</span> 
     </span>
    </p>

    <p class='ocr_par' dir='ltr' id='par_1_4' title="bbox 246 739 958 821">
     <span class='ocr_line' id='line_1_4' title="bbox 246 739 958 821; baseline 0 -21"><span class='ocrx_word' id='word_1_12' title='bbox 246 739 332 801; x_wconf 88' lang='lat' dir='ltr'>Hunc</span> <span class='ocrx_word' id='word_1_13' title='bbox 347 740 434 802; x_wconf 92' lang='lat' dir='ltr'>simul</span> <span class='ocrx_word' id='word_1_14' title='bbox 449 741 581 819; x_wconf 84' lang='lat' dir='ltr'>aspexit.</span> <span class='ocrx_word' id='word_1_15' title='bbox 611 739 685 809; x_wconf 85' lang='lat' dir='ltr'>Oro,</span> <span class='ocrx_word' id='word_1_16' title='bbox 701 751 734 801; x_wconf 91' lang='lat' dir='ltr'>ut</span> <span class='ocrx_word' id='word_1_17' title='bbox 748 740 958 821; x_wconf 80' lang='lat' dir='ltr'>inprudentiae</span> 
     </span>
    </p>

    <p class='ocr_par' dir='ltr' id='par_1_5' title="bbox 247 823 1004 905">
     <span class='ocr_line' id='line_1_5' title="bbox 247 823 1004 905; baseline 0.003 -21"><span class='ocrx_word' id='word_1_18' title='bbox 247 824 305 885; x_wconf 81' lang='lat' dir='ltr'>lies</span> <span class='ocrx_word' id='word_1_19' title='bbox 319 826 448 904; x_wconf 88' lang='lat' dir='ltr'>primum</span> <span class='ocrx_word' id='word_1_20' title='bbox 463 825 594 893; x_wconf 81' lang='lat' dir='ltr'>veniam:</span> <span class='ocrx_word' id='word_1_21' title='bbox 610 823 718 884; x_wconf 90' lang='lat' dir='ltr'>deinde</span> <span class='ocrx_word' id='word_1_22' title='bbox 734 828 759 884; x_wconf 90' lang='lat' dir='ltr'>si</span> <span class='ocrx_word' id='word_1_23' title='bbox 774 825 897 905; x_wconf 86' lang='lat' dir='ltr'>pulchre</span> <span class='ocrx_word' id='word_1_24' title='bbox 912 824 1004 896; x_wconf 83' lang='lat' dir='ltr'>vides,</span> 
     </span>
    </p>

    <p class='ocr_par' dir='ltr' id='par_1_6' title="bbox 247 907 977 980">
     <span class='ocr_line' id='line_1_6' title="bbox 247 907 977 980; baseline 0 -11"><span class='ocrx_word' id='word_1_25' title='bbox 247 907 341 979; x_wconf 88' lang='lat' dir='ltr'>Quam</span> <span class='ocrx_word' id='word_1_26' title='bbox 354 926 413 969; x_wconf 94' lang='lat' dir='ltr'>uon</span> <span class='ocrx_word' id='word_1_27' title='bbox 429 909 607 969; x_wconf 84' lang='lat' dir='ltr'>conveniens</span> <span class='ocrx_word' id='word_1_28' title='bbox 621 927 726 969; x_wconf 85' lang='lat' dir='ltr'>aurum</span> <span class='ocrx_word' id='word_1_29' title='bbox 741 910 779 969; x_wconf 89' lang='lat' dir='ltr'>sit</span> <span class='ocrx_word' id='word_1_30' title='bbox 792 911 869 970; x_wconf 79' lang='lat' dir='ltr'>ritae</span> <span class='ocrx_word' id='word_1_31' title='bbox 884 926 977 980; x_wconf 88' lang='lat' dir='ltr'>meae,</span> 
     </span>
    </p>

    <p class='ocr_par' dir='ltr' id='par_1_7' title="bbox 247 992 989 1073">
     <span class='ocr_line' id='line_1_7' title="bbox 247 992 989 1073; baseline 0 -19"><span class='ocrx_word' id='word_1_32' title='bbox 247 993 436 1073; x_wconf 85' lang='lat' dir='ltr'>Respondeas</span> <span class='ocrx_word' id='word_1_33' title='bbox 451 992 624 1054; x_wconf 86' lang='lat' dir='ltr'>clementer.</span> <span class='ocrx_word' id='word_1_34' title='bbox 654 992 748 1062; x_wconf 84' lang='lat' dir='ltr'>Quem</span> <span class='ocrx_word' id='word_1_35' title='bbox 762 995 893 1053; x_wconf 81' lang='lat' dir='ltr'>fructum</span> <span class='ocrx_word' id='word_1_36' title='bbox 908 994 989 1072; x_wconf 88' lang='lat' dir='ltr'>capis</span> 
     </span>
    </p>

    <p class='ocr_par' dir='ltr' id='par_1_8' title="bbox 247 1075 1001 1156">
     <span class='ocr_line' id='line_1_8' title="bbox 247 1075 1001 1156; baseline -0.001 -18"><span class='ocrx_word' id='word_1_37' title='bbox 247 1077 310 1138; x_wconf 88' lang='lat' dir='ltr'>lloc</span> <span class='ocrx_word' id='word_1_38' title='bbox 324 1096 361 1138; x_wconf 86' lang='lat' dir='ltr'>ex</span> <span class='ocrx_word' id='word_1_39' title='bbox 375 1075 491 1146; x_wconf 89' lang='lat' dir='ltr'>labore,</span> <span class='ocrx_word' id='word_1_40' title='bbox 506 1077 620 1156; x_wconf 90' lang='lat' dir='ltr'>quodve</span> <span class='ocrx_word' id='word_1_41' title='bbox 635 1084 750 1137; x_wconf 85' lang='lat' dir='ltr'>tantum</span> <span class='ocrx_word' id='word_1_42' title='bbox 765 1086 812 1137; x_wconf 87' lang='lat' dir='ltr'>cst</span> <span class='ocrx_word' id='word_1_43' title='bbox 828 1080 1001 1156; x_wconf 89' lang='lat' dir='ltr'>praemium,</span> 
     </span>
    </p>

    <p class='ocr_par' dir='ltr' id='par_1_9' title="bbox 247 1160 1009 1239">
     <span class='ocr_line' id='line_1_9' title="bbox 247 1160 1009 1239; baseline 0.003 -21"><span class='ocrx_word' id='word_1_44' title='bbox 247 1160 284 1221; x_wconf 85' lang='lat' dir='ltr'>vt</span> <span class='ocrx_word' id='word_1_45' title='bbox 298 1179 399 1222; x_wconf 86' lang='lat' dir='ltr'>careas</span> <span class='ocrx_word' id='word_1_46' title='bbox 413 1179 516 1221; x_wconf 92' lang='lat' dir='ltr'>somno</span> <span class='ocrx_word' id='word_1_47' title='bbox 530 1169 561 1221; x_wconf 92' lang='lat' dir='ltr'>et</span> <span class='ocrx_word' id='word_1_48' title='bbox 575 1179 678 1222; x_wconf 87' lang='lat' dir='ltr'>aevum</span> <span class='ocrx_word' id='word_1_49' title='bbox 693 1163 725 1221; x_wconf 92' lang='lat' dir='ltr'>in</span> <span class='ocrx_word' id='word_1_50' title='bbox 741 1161 873 1222; x_wconf 88' lang='lat' dir='ltr'>tenebris</span> <span class='ocrx_word' id='word_1_51' title='bbox 888 1162 1009 1239; x_wconf 70' lang='lat' dir='ltr'>exigas?</span> 
     </span>
    </p>

    <p class='ocr_par' dir='ltr' id='par_1_10' title="bbox 248 1244 1019 1324">
     <span class='ocr_line' id='line_1_10' title="bbox 248 1244 1019 1324; baseline -0.001 -17"><span class='ocrx_word' id='word_1_52' title='bbox 248 1244 385 1315; x_wconf 84' lang='lat' dir='ltr'>Nullum,</span> <span class='ocrx_word' id='word_1_53' title='bbox 401 1247 499 1324; x_wconf 92' lang='lat' dir='ltr'>inquit</span> <span class='ocrx_word' id='word_1_54' title='bbox 513 1245 579 1315; x_wconf 88' lang='lat' dir='ltr'>ille,</span> <span class='ocrx_word' id='word_1_55' title='bbox 594 1246 769 1306; x_wconf 84' lang='lat' dir='ltr'>verumhoc</span> <span class='ocrx_word' id='word_1_56' title='bbox 784 1263 801 1305; x_wconf 86' lang='lat' dir='ltr'>a</span> <span class='ocrx_word' id='word_1_57' title='bbox 816 1264 930 1306; x_wconf 91' lang='lat' dir='ltr'>summo</span> <span class='ocrx_word' id='word_1_58' title='bbox 945 1245 1019 1306; x_wconf 91' lang='lat' dir='ltr'>mihi</span> 
     </span>
    </p>

    <p class='ocr_par' dir='ltr' id='par_1_11' title="bbox 248 1328 940 1407">
     <span class='ocr_line' id='line_1_11' title="bbox 248 1328 940 1407; baseline -0.003 -17"><span class='ocrx_word' id='word_1_59' title='bbox 248 1329 316 1390; x_wconf 81' lang='lat' dir='ltr'>love</span> <span class='ocrx_word' id='word_1_60' title='bbox 331 1328 511 1390; x_wconf 82' lang='lat' dir='ltr'>adtributum</span> <span class='ocrx_word' id='word_1_61' title='bbox 526 1336 582 1389; x_wconf 90' lang='lat' dir='ltr'>est.</span> <span class='ocrx_word' id='word_1_62' title='bbox 612 1329 691 1407; x_wconf 84' lang='lat' dir='ltr'>Ergo</span> <span class='ocrx_word' id='word_1_63' title='bbox 706 1347 762 1390; x_wconf 90' lang='lat' dir='ltr'>nec</span> <span class='ocrx_word' id='word_1_64' title='bbox 776 1332 869 1390; x_wconf 91' lang='lat' dir='ltr'>sumis</span> <span class='ocrx_word' id='word_1_65' title='bbox 883 1328 940 1390; x_wconf 91' lang='lat' dir='ltr'>tibi</span> 
     </span>
    </p>

    <p class='ocr_par' dir='ltr' id='par_1_12' title="bbox 248 1412 958 1493">
     <span class='ocr_line' id='line_1_12' title="bbox 248 1412 958 1493; baseline 0 -19"><span class='ocrx_word' id='word_1_66' title='bbox 248 1412 376 1474; x_wconf 86' lang='lat' dir='ltr'>Necubi</span> <span class='ocrx_word' id='word_1_67' title='bbox 392 1413 483 1474; x_wconf 90' lang='lat' dir='ltr'>donas</span> <span class='ocrx_word' id='word_1_68' title='bbox 498 1415 673 1493; x_wconf 76' lang='lat' dir='ltr'>quicquam?</span> <span class='ocrx_word' id='word_1_69' title='bbox 704 1413 754 1474; x_wconf 90' lang='lat' dir='ltr'>Sic</span> <span class='ocrx_word' id='word_1_70' title='bbox 768 1415 838 1474; x_wconf 88' lang='lat' dir='ltr'>latis</span> <span class='ocrx_word' id='word_1_71' title='bbox 851 1414 958 1492; x_wconf 87' lang='lat' dir='ltr'>placet.</span> 
     </span>
    </p>

    <p class='ocr_par' dir='ltr' id='par_1_13' title="bbox 249 1496 773 1567">
     <span class='ocr_line' id='line_1_13' title="bbox 249 1496 773 1567; baseline 0 -9"><span class='ocrx_word' id='word_1_72' title='bbox 249 1496 321 1558; x_wconf 89' lang='lat' dir='ltr'>Nolo</span> <span class='ocrx_word' id='word_1_73' title='bbox 335 1499 488 1567; x_wconf 82' lang='lat' dir='ltr'>irascaris,</span> <span class='ocrx_word' id='word_1_74' title='bbox 504 1496 600 1557; x_wconf 88' lang='lat' dir='ltr'>libere</span> <span class='ocrx_word' id='word_1_75' title='bbox 615 1501 641 1557; x_wconf 93' lang='lat' dir='ltr'>si</span> <span class='ocrx_word' id='word_1_76' title='bbox 656 1498 773 1558; x_wconf 80' lang='lat' dir='ltr'>dixero:</span> 
     </span>
    </p>

    <p class='ocr_par' dir='ltr' id='par_1_14' title="bbox 249 1581 903 1745">
     <span class='ocr_line' id='line_1_14' title="bbox 249 1581 903 1659; baseline 0 -17"><span class='ocrx_word' id='word_1_77' title='bbox 249 1581 300 1642; x_wconf 84' lang='lat' dir='ltr'>llis</span> <span class='ocrx_word' id='word_1_78' title='bbox 314 1589 360 1642; x_wconf 86' lang='lat' dir='ltr'>est</span> <span class='ocrx_word' id='word_1_79' title='bbox 374 1583 459 1642; x_wconf 85' lang='lat' dir='ltr'>iratis</span> <span class='ocrx_word' id='word_1_80' title='bbox 474 1590 574 1650; x_wconf 89' lang='lat' dir='ltr'>natus,</span> <span class='ocrx_word' id='word_1_81' title='bbox 590 1583 641 1659; x_wconf 89' lang='lat' dir='ltr'>qui</span> <span class='ocrx_word' id='word_1_82' title='bbox 657 1583 822 1642; x_wconf 87' lang='lat' dir='ltr'>estsimilis</span> <span class='ocrx_word' id='word_1_83' title='bbox 837 1581 903 1642; x_wconf 87' lang='lat' dir='ltr'>tibi.</span> 
     </span>
     <span class='ocr_line' id='line_1_15' title="bbox 291 1663 903 1745; baseline 0 -19"><span class='ocrx_word' id='word_1_84' title='bbox 291 1664 433 1726; x_wconf 78' lang='lat' dir='ltr'>Abiturus</span> <span class='ocrx_word' id='word_1_85' title='bbox 448 1663 530 1734; x_wconf 91' lang='lat' dir='ltr'>illuc,</span> <span class='ocrx_word' id='word_1_86' title='bbox 547 1683 604 1745; x_wconf 90' lang='lat' dir='ltr'>quo</span> <span class='ocrx_word' id='word_1_87' title='bbox 619 1667 739 1744; x_wconf 87' lang='lat' dir='ltr'>priores</span> <span class='ocrx_word' id='word_1_88' title='bbox 755 1665 903 1735; x_wconf 84' lang='lat' dir='ltr'>abierunt,</span> 
     </span>
    </p>

    <p class='ocr_par' dir='ltr' id='par_1_15' title="bbox 250 1748 1004 1830">
     <span class='ocr_line' id='line_1_16' title="bbox 250 1748 1004 1830; baseline 0 -20"><span class='ocrx_word' id='word_1_89' title='bbox 250 1748 326 1820; x_wconf 87' lang='lat' dir='ltr'>Quid</span> <span class='ocrx_word' id='word_1_90' title='bbox 340 1758 440 1810; x_wconf 89' lang='lat' dir='ltr'>mente</span> <span class='ocrx_word' id='word_1_91' title='bbox 454 1767 542 1809; x_wconf 91' lang='lat' dir='ltr'>caeca</span> <span class='ocrx_word' id='word_1_92' title='bbox 557 1752 698 1810; x_wconf 88' lang='lat' dir='ltr'>miserum</span> <span class='ocrx_word' id='word_1_93' title='bbox 711 1758 833 1830; x_wconf 82' lang='lat' dir='ltr'>torques</span> <span class='ocrx_word' id='word_1_94' title='bbox 847 1750 1004 1829; x_wconf 82' lang='lat' dir='ltr'>spirituml</span> 
     </span>
    </p>

    <p class='ocr_par' dir='ltr' id='par_1_16' title="bbox 249 1833 892 1911">
     <span class='ocr_line' id='line_1_17' title="bbox 249 1833 892 1911; baseline 0.002 -18"><span class='ocrx_word' id='word_1_95' title='bbox 249 1833 319 1895; x_wconf 86' lang='lat' dir='ltr'>&#39;libi</span> <span class='ocrx_word' id='word_1_96' title='bbox 333 1833 415 1902; x_wconf 88' lang='lat' dir='ltr'>dico,</span> <span class='ocrx_word' id='word_1_97' title='bbox 431 1851 532 1903; x_wconf 86' lang='lat' dir='ltr'>avare,</span> <span class='ocrx_word' id='word_1_98' title='bbox 546 1833 688 1911; x_wconf 80' lang='lat' dir='ltr'>gaudium</span> <span class='ocrx_word' id='word_1_99' title='bbox 702 1835 823 1895; x_wconf 85' lang='lat' dir='ltr'>heredis</span> <span class='ocrx_word' id='word_1_100' title='bbox 837 1837 892 1904; x_wconf 87' lang='lat' dir='ltr'>tui,</span> 
     </span>
    </p>

    <p class='ocr_par' dir='ltr' id='par_1_17' title="bbox 250 1917 927 1996">
     <span class='ocr_line' id='line_1_18' title="bbox 250 1917 927 1996; baseline 0 -18"><span class='ocrx_word' id='word_1_101' title='bbox 250 1917 306 1988; x_wconf 85' lang='lat' dir='ltr'>Qui</span> <span class='ocrx_word' id='word_1_102' title='bbox 320 1925 387 1979; x_wconf 88' lang='lat' dir='ltr'>ture</span> <span class='ocrx_word' id='word_1_103' title='bbox 403 1935 541 1995; x_wconf 88' lang='lat' dir='ltr'>superos,</span> <span class='ocrx_word' id='word_1_104' title='bbox 557 1920 655 1996; x_wconf 91' lang='lat' dir='ltr'>ipsum</span> <span class='ocrx_word' id='word_1_105' title='bbox 669 1929 700 1978; x_wconf 90' lang='lat' dir='ltr'>te</span> <span class='ocrx_word' id='word_1_106' title='bbox 714 1919 834 1979; x_wconf 82' lang='lat' dir='ltr'>fraudas</span> <span class='ocrx_word' id='word_1_107' title='bbox 849 1918 927 1989; x_wconf 79' lang='lat' dir='ltr'>cibo,</span> 
     </span>
    </p>

    <p class='ocr_par' dir='ltr' id='par_1_18' title="bbox 249 2001 947 2074">
     <span class='ocr_line' id='line_1_19' title="bbox 249 2001 947 2074; baseline 0.001 -12"><span class='ocrx_word' id='word_1_108' title='bbox 249 2001 305 2073; x_wconf 86' lang='lat' dir='ltr'>Qui</span> <span class='ocrx_word' id='word_1_109' title='bbox 319 2003 414 2063; x_wconf 85' lang='lat' dir='ltr'>tristis</span> <span class='ocrx_word' id='word_1_110' title='bbox 429 2002 514 2062; x_wconf 90' lang='lat' dir='ltr'>audis</span> <span class='ocrx_word' id='word_1_111' title='bbox 527 2004 672 2062; x_wconf 92' lang='lat' dir='ltr'>musicum</span> <span class='ocrx_word' id='word_1_112' title='bbox 688 2005 819 2063; x_wconf 88' lang='lat' dir='ltr'>citharae</span> <span class='ocrx_word' id='word_1_113' title='bbox 833 2021 947 2074; x_wconf 79' lang='lat' dir='ltr'>sonum,</span> 
     </span>
    </p>

    <p class='ocr_par' dir='ltr' id='par_1_19' title="bbox 250 2084 833 2156">
     <span class='ocr_line' id='line_1_20' title="bbox 250 2084 833 2156; baseline 0 -9"><span class='ocrx_word' id='word_1_114' title='bbox 250 2084 344 2156; x_wconf 88' lang='lat' dir='ltr'>Quem</span> <span class='ocrx_word' id='word_1_115' title='bbox 357 2085 497 2146; x_wconf 88' lang='lat' dir='ltr'>tibiarum</span> <span class='ocrx_word' id='word_1_116' title='bbox 511 2095 641 2146; x_wconf 88' lang='lat' dir='ltr'>macerat</span> <span class='ocrx_word' id='word_1_117' title='bbox 656 2087 833 2156; x_wconf 86' lang='lat' dir='ltr'>iucunditas,</span> 
     </span>
    </p>

    <p class='ocr_par' dir='ltr' id='par_1_20' title="bbox 251 2169 976 2250">
     <span class='ocr_line' id='line_1_21' title="bbox 251 2169 976 2250; baseline 0.001 -20"><span class='ocrx_word' id='word_1_118' title='bbox 251 2169 449 2250; x_wconf 90' lang='lat' dir='ltr'>0psoniorum</span> <span class='ocrx_word' id='word_1_119' title='bbox 463 2173 560 2249; x_wconf 86' lang='lat' dir='ltr'>pretia</span> <span class='ocrx_word' id='word_1_120' title='bbox 574 2173 623 2231; x_wconf 90' lang='lat' dir='ltr'>cui</span> <span class='ocrx_word' id='word_1_121' title='bbox 638 2173 782 2248; x_wconf 84' lang='lat' dir='ltr'>gemitum</span> <span class='ocrx_word' id='word_1_122' title='bbox 797 2173 976 2250; x_wconf 85' lang='lat' dir='ltr'>exprimunt,</span> 
     </span>
    </p>
   </div>
   <div class='ocr_carea' id='block_1_3' title="bbox 251 2252 937 2585">
    <p class='ocr_par' dir='ltr' id='par_1_21' title="bbox 251 2252 917 2419">
     <span class='ocr_line' id='line_1_22' title="bbox 251 2252 917 2334; baseline 0.003 -20"><span class='ocrx_word' id='word_1_123' title='bbox 251 2252 306 2325; x_wconf 89' lang='lat' dir='ltr'>Qui</span> <span class='ocrx_word' id='word_1_124' title='bbox 322 2255 392 2315; x_wconf 93' lang='lat' dir='ltr'>dum</span> <span class='ocrx_word' id='word_1_125' title='bbox 406 2255 584 2333; x_wconf 88' lang='lat' dir='ltr'>quadrantes</span> <span class='ocrx_word' id='word_1_126' title='bbox 599 2272 722 2333; x_wconf 80' lang='lat' dir='ltr'>aggeras</span> <span class='ocrx_word' id='word_1_127' title='bbox 736 2257 917 2334; x_wconf 89' lang='lat' dir='ltr'>patrimonio</span> 
     </span>
     <span class='ocr_line' id='line_1_23' title="bbox 251 2337 784 2419; baseline 0 -19"><span class='ocrx_word' id='word_1_128' title='bbox 251 2337 373 2400; x_wconf 82' lang='lat' dir='ltr'>Caelum</span> <span class='ocrx_word' id='word_1_129' title='bbox 388 2338 494 2414; x_wconf 84' lang='lat' dir='ltr'>fatigas</span> <span class='ocrx_word' id='word_1_130' title='bbox 508 2339 627 2399; x_wconf 92' lang='lat' dir='ltr'>sordido</span> <span class='ocrx_word' id='word_1_131' title='bbox 641 2342 784 2419; x_wconf 89' lang='lat' dir='ltr'>periurio,</span> 
     </span>
    </p>

    <p class='ocr_par' dir='ltr' id='par_1_22' title="bbox 251 2420 937 2585">
     <span class='ocr_line' id='line_1_24' title="bbox 251 2420 937 2503; baseline 0.004 -21"><span class='ocrx_word' id='word_1_132' title='bbox 251 2420 307 2492; x_wconf 89' lang='lat' dir='ltr'>Qui</span> <span class='ocrx_word' id='word_1_133' title='bbox 322 2422 511 2482; x_wconf 87' lang='lat' dir='ltr'>circumcidis</span> <span class='ocrx_word' id='word_1_134' title='bbox 526 2441 643 2484; x_wconf 90' lang='lat' dir='ltr'>omnem</span> <span class='ocrx_word' id='word_1_135' title='bbox 657 2426 813 2503; x_wconf 88' lang='lat' dir='ltr'>inpensam</span> <span class='ocrx_word' id='word_1_136' title='bbox 827 2425 937 2494; x_wconf 82' lang='lat' dir='ltr'>funeri.</span> 
     </span>
     <span class='ocr_line' id='line_1_25' title="bbox 251 2504 827 2585; baseline 0.003 -19"><span class='ocrx_word' id='word_1_137' title='bbox 251 2504 383 2567; x_wconf 90' lang='lat' dir='ltr'>Libitina</span> <span class='ocrx_word' id='word_1_138' title='bbox 396 2506 506 2585; x_wconf 87' lang='lat' dir='ltr'>nequid</span> <span class='ocrx_word' id='word_1_139' title='bbox 521 2507 557 2567; x_wconf 91' lang='lat' dir='ltr'>de</span> <span class='ocrx_word' id='word_1_140' title='bbox 571 2518 622 2568; x_wconf 89' lang='lat' dir='ltr'>tuo</span> <span class='ocrx_word' id='word_1_141' title='bbox 637 2510 726 2568; x_wconf 87' lang='lat' dir='ltr'>laciat</span> <span class='ocrx_word' id='word_1_142' title='bbox 740 2509 827 2568; x_wconf 87' lang='lat' dir='ltr'>lucri.</span> 
     </span>
    </p>
   </div>
   <div class='ocr_carea' id='block_1_4' title="bbox 550 2761 912 2928">
    <p class='ocr_par' dir='ltr' id='par_1_23' title="bbox 550 2761 912 2928">
     <span class='ocr_line' id='line_1_26' title="bbox 586 2761 877 2821; baseline 0.003 -1"><span class='ocrx_word' id='word_1_143' title='bbox 586 2761 877 2821; x_wconf 81' lang='lat' dir='ltr'><strong>FABVLAXXI.</strong></span> 
     </span>
     <span class='ocr_line' id='line_1_27' title="bbox 550 2874 912 2928; baseline 0.011 -4"><span class='ocrx_word' id='word_1_144' title='bbox 550 2874 912 2928; x_wconf 73' lang='lat' dir='ltr'><strong>PHAEDRVS.</strong></span> 
     </span>
    </p>
   </div>
   <div class='ocr_carea' id='block_1_5' title="bbox 252 2990 1012 3748">
    <p class='ocr_par' dir='ltr' id='par_1_24' title="bbox 252 2990 1012 3748">
     <span class='ocr_line' id='line_1_28' title="bbox 307 2990 842 3073; baseline 0.002 -20"><span class='ocrx_word' id='word_1_145' title='bbox 307 2990 370 3066; x_wconf 82' lang='lat' dir='ltr'>Quo</span> <span class='ocrx_word' id='word_1_146' title='bbox 386 2993 517 3056; x_wconf 90' lang='lat' dir='ltr'>iudicare</span> <span class='ocrx_word' id='word_1_147' title='bbox 533 2996 642 3073; x_wconf 82' lang='lat' dir='ltr'>cogitet</span> <span class='ocrx_word' id='word_1_148' title='bbox 656 2996 732 3056; x_wconf 86' lang='lat' dir='ltr'>livor</span> <span class='ocrx_word' id='word_1_149' title='bbox 746 2995 842 3065; x_wconf 80' lang='lat' dir='ltr'>modo,</span> 
     </span>
     <span class='ocr_line' id='line_1_29' title="bbox 253 3077 950 3158; baseline 0 -20"><span class='ocrx_word' id='word_1_150' title='bbox 253 3077 336 3138; x_wconf 90' lang='lat' dir='ltr'>Licet</span> <span class='ocrx_word' id='word_1_151' title='bbox 350 3079 531 3148; x_wconf 88' lang='lat' dir='ltr'>dissimulet,</span> <span class='ocrx_word' id='word_1_152' title='bbox 547 3079 670 3158; x_wconf 90' lang='lat' dir='ltr'>pulchre</span> <span class='ocrx_word' id='word_1_153' title='bbox 685 3088 785 3140; x_wconf 88' lang='lat' dir='ltr'>tamen</span> <span class='ocrx_word' id='word_1_154' title='bbox 799 3079 950 3156; x_wconf 84' lang='lat' dir='ltr'>intellego.</span> 
     </span>
     <span class='ocr_line' id='line_1_30' title="bbox 252 3160 913 3242; baseline 0.002 -21"><span class='ocrx_word' id='word_1_155' title='bbox 252 3160 398 3242; x_wconf 83' lang='lat' dir='ltr'>Quicquid</span> <span class='ocrx_word' id='word_1_156' title='bbox 413 3162 530 3241; x_wconf 89' lang='lat' dir='ltr'>putabit</span> <span class='ocrx_word' id='word_1_157' title='bbox 544 3181 609 3224; x_wconf 89' lang='lat' dir='ltr'>esse</span> <span class='ocrx_word' id='word_1_158' title='bbox 624 3164 747 3240; x_wconf 84' lang='lat' dir='ltr'>dignum</span> <span class='ocrx_word' id='word_1_159' title='bbox 761 3165 913 3232; x_wconf 89' lang='lat' dir='ltr'>memoria,</span> 
     </span>
     <span class='ocr_line' id='line_1_31' title="bbox 252 3246 873 3326; baseline -0.002 -19"><span class='ocrx_word' id='word_1_160' title='bbox 252 3247 360 3326; x_wconf 77' lang='lat' dir='ltr'>Aesopi</span> <span class='ocrx_word' id='word_1_161' title='bbox 376 3246 468 3316; x_wconf 62' lang='lat' dir='ltr'>dicen</span> <span class='ocrx_word' id='word_1_162' title='bbox 483 3253 509 3311; x_wconf 92' lang='lat' dir='ltr'>si</span> <span class='ocrx_word' id='word_1_163' title='bbox 524 3247 596 3326; x_wconf 92' lang='lat' dir='ltr'>quid</span> <span class='ocrx_word' id='word_1_164' title='bbox 611 3250 709 3308; x_wconf 92' lang='lat' dir='ltr'>minus</span> <span class='ocrx_word' id='word_1_165' title='bbox 724 3247 873 3316; x_wconf 76' lang='lat' dir='ltr'>adriserit,</span> 
     </span>
     <span class='ocr_line' id='line_1_32' title="bbox 252 3330 897 3411; baseline -0.003 -19"><span class='ocrx_word' id='word_1_166' title='bbox 252 3332 339 3392; x_wconf 76' lang='lat' dir='ltr'>Ame</span> <span class='ocrx_word' id='word_1_167' title='bbox 354 3330 513 3390; x_wconf 87' lang='lat' dir='ltr'>contendet</span> <span class='ocrx_word' id='word_1_168' title='bbox 527 3332 628 3392; x_wconf 86' lang='lat' dir='ltr'>lictum</span> <span class='ocrx_word' id='word_1_169' title='bbox 644 3333 748 3411; x_wconf 88' lang='lat' dir='ltr'>quovis</span> <span class='ocrx_word' id='word_1_170' title='bbox 762 3333 897 3410; x_wconf 81' lang='lat' dir='ltr'>pignore.</span> 
     </span>
     <span class='ocr_line' id='line_1_33' title="bbox 253 3413 961 3493; baseline 0 -19"><span class='ocrx_word' id='word_1_171' title='bbox 253 3413 346 3484; x_wconf 87' lang='lat' dir='ltr'>Quem</span> <span class='ocrx_word' id='word_1_172' title='bbox 361 3415 427 3475; x_wconf 83' lang='lat' dir='ltr'>volo</span> <span class='ocrx_word' id='word_1_173' title='bbox 441 3414 538 3475; x_wconf 87' lang='lat' dir='ltr'>relelh</span> <span class='ocrx_word' id='word_1_174' title='bbox 553 3416 613 3475; x_wconf 87' lang='lat' dir='ltr'>iam</span> <span class='ocrx_word' id='word_1_175' title='bbox 627 3433 706 3476; x_wconf 91' lang='lat' dir='ltr'>nunc</span> <span class='ocrx_word' id='word_1_176' title='bbox 720 3433 864 3493; x_wconf 89' lang='lat' dir='ltr'>responso</span> <span class='ocrx_word' id='word_1_177' title='bbox 879 3432 961 3475; x_wconf 81' lang='lat' dir='ltr'>meo:</span> 
     </span>
     <span class='ocr_line' id='line_1_34' title="bbox 254 3498 971 3578; baseline -0.001 -18"><span class='ocrx_word' id='word_1_178' title='bbox 254 3499 322 3560; x_wconf 85' lang='lat' dir='ltr'>Sive</span> <span class='ocrx_word' id='word_1_179' title='bbox 336 3498 393 3558; x_wconf 95' lang='lat' dir='ltr'>hoc</span> <span class='ocrx_word' id='word_1_180' title='bbox 408 3500 542 3577; x_wconf 85' lang='lat' dir='ltr'>ineptum</span> <span class='ocrx_word' id='word_1_181' title='bbox 557 3501 617 3558; x_wconf 82' lang='lat' dir='ltr'>sive</span> <span class='ocrx_word' id='word_1_182' title='bbox 633 3499 812 3560; x_wconf 90' lang='lat' dir='ltr'>laudandum</span> <span class='ocrx_word' id='word_1_183' title='bbox 827 3506 873 3560; x_wconf 89' lang='lat' dir='ltr'>est</span> <span class='ocrx_word' id='word_1_184' title='bbox 888 3517 971 3578; x_wconf 92' lang='lat' dir='ltr'>opus,</span> 
     </span>
     <span class='ocr_line' id='line_1_35' title="bbox 254 3581 833 3660; baseline 0.003 -19"><span class='ocrx_word' id='word_1_185' title='bbox 254 3581 368 3643; x_wconf 85' lang='lat' dir='ltr'>invenit</span> <span class='ocrx_word' id='word_1_186' title='bbox 382 3582 448 3651; x_wconf 92' lang='lat' dir='ltr'>ille,</span> <span class='ocrx_word' id='word_1_187' title='bbox 465 3591 564 3643; x_wconf 83' lang='lat' dir='ltr'>nostra</span> <span class='ocrx_word' id='word_1_188' title='bbox 578 3584 703 3660; x_wconf 88' lang='lat' dir='ltr'>perlecit</span> <span class='ocrx_word' id='word_1_189' title='bbox 718 3601 833 3643; x_wconf 90' lang='lat' dir='ltr'>manus.</span> 
     </span>
     <span class='ocr_line' id='line_1_36' title="bbox 255 3665 1012 3748; baseline -0.001 -22"><span class='ocrx_word' id='word_1_190' title='bbox 255 3665 313 3727; x_wconf 86' lang='lat' dir='ltr'>Sed</span> <span class='ocrx_word' id='word_1_191' title='bbox 329 3683 526 3747; x_wconf 84' lang='lat' dir='ltr'>exsequamur</span> <span class='ocrx_word' id='word_1_192' title='bbox 541 3677 678 3746; x_wconf 88' lang='lat' dir='ltr'>coeptum</span> <span class='ocrx_word' id='word_1_193' title='bbox 693 3669 843 3748; x_wconf 86' lang='lat' dir='ltr'>propositi</span> <span class='ocrx_word' id='word_1_194' title='bbox 855 3667 1012 3727; x_wconf 77' lang='lat' dir='ltr'>ordinem.</span> 
     </span>
    </p>
   </div>
   <div class='ocr_carea' id='block_1_6' title="bbox 0 0 1501 4234">
    <p class='ocr_par' dir='ltr' id='par_1_25' title="bbox 0 0 1501 4234">
     <span class='ocr_line' id='line_1_37' title="bbox 0 0 1501 4234; baseline 0 0"><span class='ocrx_word' id='word_1_195' title='bbox 0 0 1501 4234; x_wconf 95' lang='lat' dir='ltr'> </span> 
     </span>
    </p>
   </div>
  </div>
 </body>
</html>
