2975 4234
266 400 309 466 50
544 406 705 462 PHAEDRI
725 407 949 463 FABVLARVM

611 608 801 668 sununs
822 583 882 669 nn

517 714 687 766 'PAVRVS
703 715 759 769 Eu
776 716 971 770 VITVLVS.

308 817 437 895 Angusto
452 818 483 878 in
499 817 581 878 aditu
594 824 699 878 taurus
713 815 829 878 luctans
843 819 983 880 cornibus

266 901 338 964 Cum
353 905 402 962 vix
416 903 527 962 intrare
543 908 644 980 posset
659 901 695 961 ad
710 905 875 981 praesepia,

264 985 446 1047 Monstrabat
460 985 568 1046 vitulus
582 1003 641 1065 quo
655 1003 688 1046 se
703 993 790 1064 pacto
805 986 949 1048 lleoteret.

265 1069 358 1140 Tace,
374 1072 485 1150 inquit,
502 1078 569 1130 ante
584 1070 640 1129 hoo
654 1072 738 1140 novi,
754 1089 842 1150 quam
857 1079 890 1131 tu
904 1081 991 1132 natus
1006 1091 1051 1134 es.

305 1153 363 1224 Qui
379 1155 539 1214 doctiorem
555 1153 706 1224 emendat,
723 1153 782 1215 sibi
798 1155 857 1214 diei
872 1163 967 1235 putet.

619 1324 810 1383 FABVLA
831 1325 867 1384 X.

448 1437 573 1491 CANIS
590 1439 645 1489 ΕΦ
662 1439 738 1490 BVS
754 1439 808 1491 ΕΤ
825 1439 1040 1494 VENATOB.

305 1544 453 1605 Adversus
468 1559 570 1602 omnes
584 1542 670 1602 fortis
683 1542 800 1602 veloces
813 1544 893 1603 ieras

264 1629 351 1690 Canis
365 1645 433 1688 oum
448 1627 567 1686 domino
582 1645 700 1705 semper
713 1627 834 1687 fecisset
848 1630 929 1694 satis.

264 1713 418 1790 Languere
433 1713 531 1789 eoepit
545 1712 630 1772 annis
645 1711 878 1788 ingravantibus.

264 1796 429 1876 Aliquando
444 1794 578 1855 obiectus
592 1795 703 1874 hispidi
718 1813 835 1874 pugnae
849 1797 913 1857 suis

264 1881 402 1960 ddripuit
417 1897 535 1940 aurem:
558 1879 611 1939 sed
626 1881 751 1940 cariosis
765 1879 905 1941 dentibus

264 1965 406 2027 Praedam
421 1964 543 2024 dimisit.
572 1963 629 2023 llio
642 1971 713 2023 tuno
728 1972 850 2024 venator
865 1964 968 2025 dolens

265 2051 373 2111 Canem
388 2046 572 2124 obiurgabat.
603 2047 657 2109 Cui
671 2064 762 2109 senex
777 2055 880 2109 contra
894 2049 1008 2110 Lnoon:

264 2133 330 2196 Non
344 2141 374 2194 te
389 2133 522 2192 destituit
537 2134 668 2201 animus,
683 2133 736 2193 sed
751 2134 830 2194 vires
844 2150 938 2193 meae.

265 2216 347 2289 Quod
362 2218 486 2286 luimus,
502 2215 602 2287 lauda,
618 2219 644 2276 si
659 2218 718 2276 iam
734 2216 871 2286 damnas,
887 2218 966 2296 quod
981 2235 1093 2279 sumus.

306 2302 368 2363 lloe
383 2318 450 2371 eur,
466 2299 596 2370 Philete,
612 2303 800 2379 scripserim,
815 2300 939 2380 pulchre
953 2301 1045 2362 rides.
1190 2311 1224 2363 lo

497 2705 530 2778 A
561 2706 590 2776 P
622 2706 651 2777 P
683 2705 712 2776 E
744 2705 780 2778 N
810 2705 842 2777 D
875 2705 893 2778 Ι
922 2705 981 2782 Χ.

583 2851 901 2907 nnnvnnnnovnn.

624 3009 817 3069 FABVLA
837 3010 863 3070 I.

533 3114 677 3166 smve
698 3116 754 3167 ΕΤ
775 3116 951 3168 VVLPES.

324 3225 448 3277 Avarum
466 3220 551 3276 etiarn
569 3221 645 3290 quod
662 3220 716 3276 sibi
732 3224 860 3291 superest
876 3239 932 3276 non
949 3221 1070 3279 libenter
1087 3225 1165 3279 dare.

306 3338 429 3417 Vulpem
443 3335 566 3415 rogabat
579 3344 694 3417 partem
710 3337 820 3398 caudae
835 3339 949 3407 simius,

264 3422 426 3500 Contegere
441 3421 564 3482 honeste
579 3429 679 3501 posset
694 3428 726 3480 ut
740 3421 835 3482 nudas
849 3428 947 3492 nates;

264 3507 316 3568 (lui
334 3509 377 3566 sic
390 3505 533 3583 maligna:
563 3505 692 3582 Longior
706 3506 757 3565 liat
770 3506 849 3574 licet,

263 3589 374 3651 Tamen
389 3590 470 3652 illam
484 3592 572 3651 citius
586 3607 641 3670 per
655 3589 750 3649 lutum
765 3597 796 3649 et
809 3591 910 3668 spinas
923 3589 1048 3661 traham,

260 3673 331 3733 Tibi
343 3693 435 3752 quam
443 3683 565 3754 partem
582 3674 715 3756 quamvis
729 3691 849 3755 parvam
864 3676 1019 3754 inpertiar.
