2975 4234
536 418 644 475 LIBER
665 419 699 474 V.
734 419 928 475 APPENDIX.
1185 417 1225 485 51

621 569 813 630 FABVLA
834 571 875 630 H.

656 668 837 720 Avcron.

491 747 555 804 Non
572 765 633 805 esre
649 748 714 818 plue
731 765 822 816 aequo
840 748 1003 820 peQndnm.

306 837 439 900 Arbitrio
454 840 480 900 si
495 846 602 899 natura
617 838 753 899 tinxisset
766 856 834 898 meo

266 922 367 984 Genus
380 923 521 993 mortale,
537 923 624 999 longe
638 923 716 983 foret
729 923 918 984 instructius:

264 1007 340 1068 Nam
354 1016 460 1069 cuncta
476 1005 563 1067 nobis
578 1006 765 1067 attribuisset
779 1007 942 1076 commoda,

264 1091 473 1172 Quaecumque
488 1091 644 1168 indulgens
660 1091 791 1153 Fortuna
807 1092 928 1152 animali
944 1090 1040 1153 dedit:

263 1175 421 1255 Elephanti
436 1178 532 1247 vires,
549 1183 579 1236 et
593 1176 689 1236 leonis
704 1177 848 1254 inpetum,
1207 1184 1225 1237 5

264 1259 398 1322 Cornicis
413 1278 531 1330 aevum,
547 1259 673 1337 gloriam
687 1263 767 1321 tauri
782 1262 885 1330 trucis,

262 1343 340 1424 Equi
355 1345 463 1406 velocis
478 1345 625 1424 placidam
639 1345 906 1415 mansuetudinem,

262 1427 301 1488 Et
315 1428 432 1489 adesset
446 1429 560 1490 homini
575 1447 628 1490 sua
642 1436 741 1489 tamen
757 1428 898 1490 sollertia.

263 1511 411 1573 Nimirum
424 1515 457 1573 in
472 1513 554 1573 caelo
568 1531 669 1573 secum
682 1513 761 1573 ridet
775 1513 919 1593 luppiter,

262 1595 367 1674 Magno
382 1597 456 1657 haec
471 1597 594 1657 consilio
609 1598 661 1676 qui
675 1599 796 1674 negavit
809 1595 989 1668 hominihus,
1191 1606 1225 1659 10

262 1679 307 1742 Ne
322 1689 472 1761 sceptrum
486 1681 589 1741 mundi
603 1688 724 1759 raperet
738 1688 839 1741 nostra
855 1681 987 1742 audacia.

304 1763 382 1843 Ergo
398 1767 529 1826 contenti
543 1783 668 1825 munere
683 1766 788 1826 invicti
803 1765 880 1825 lovis

262 1848 372 1910 Fatalis
387 1866 480 1910 annos
494 1849 688 1911 decurramus
702 1853 858 1929 temporis,

262 1931 325 1994 Nec
338 1935 406 2014 plus
420 1951 562 1995 conemur
576 1952 665 2014 quam
680 1936 752 1995 sinit
766 1933 938 1994 mortalitas.

606 2070 800 2130 EABVLA
821 2071 877 2130 ΠΙ.

390 2167 616 2220 mevam
618 2168 640 2218 Β
656 2168 711 2219 ET
729 2169 846 2219 DVAE
863 2168 1092 2223 MVLIERES.

563 2249 606 2304 De
623 2249 722 2304 eodem
739 2247 797 2304 alie
812 2249 926 2304 fabella.

304 2335 484 2402 Mercurium
499 2338 628 2416 hospitio
643 2339 787 2399 mulieres
800 2337 871 2398 olim
886 2337 961 2399 duae

262 2419 416 2482 lnliberali
431 2428 461 2481 et
475 2421 595 2482 sordido
608 2430 799 2502 receperant:

263 2503 393 2576 Quarum
407 2523 466 2566 una
480 2506 512 2566 in
526 2507 611 2567 cunis
625 2525 749 2585 parvum
762 2506 892 2567 habehat
905 2507 1008 2577 tilium,

262 2589 406 2661 Quaestus
421 2587 556 2669 placebat
570 2588 655 2651 alteri
671 2593 868 2651 meretricius.

262 2674 340 2752 Ergo
355 2680 389 2735 ut
403 2674 534 2734 referret
547 2676 671 2750 gratiam
686 2675 793 2735 oitlciis
807 2692 919 2753 parem,

262 2757 405 2821 Abiturus
419 2764 449 2819 et
463 2759 522 2818 iam
536 2757 627 2818 limen
643 2758 789 2818 excedens
805 2761 860 2818 ait:

262 2842 357 2903 Deum
371 2841 495 2912 videtis;
510 2842 640 2904 tribuam
654 2841 738 2904 vobis
754 2844 900 2923 protinus,

263 2925 347 2997 Quod
361 2944 495 3006 quaeque
510 2929 630 3005 optarit.
658 2925 753 2988 Mater
766 2927 943 3006 suppliciter
957 2937 1051 3005 rogat,

263 3009 424 3072 Barbatum
437 3018 471 3071 ut
484 3012 582 3071 rideat
595 3018 696 3073 natum
710 3030 798 3091 quam
813 3013 944 3091 primum
958 3030 1060 3082 suum;

262 3094 399 3165 Moecha,
415 3101 448 3155 ut
462 3103 603 3174 sequatur
617 3113 683 3156 sese
698 3095 839 3175 quicquid
852 3097 996 3173 tetigerit.
1187 3104 1220 3156 10

262 3180 347 3240 Volat
359 3178 538 3250 Mercurius,
553 3181 632 3240 intro
647 3181 773 3240 redeunt
786 3181 937 3241 mulieres.

262 3263 408 3325 Barbatus
422 3263 521 3323 inians
536 3281 604 3324 ecce
620 3266 734 3340 vagitus
749 3266 818 3324 ciet.

262 3348 296 3409 ld
310 3349 388 3409 forte
402 3348 545 3407 meretrix
560 3365 627 3407 cum
641 3348 757 3408 rideret
771 3348 906 3418 validius,

262 3433 357 3494 Nares
371 3431 497 3511 replevit
511 3431 631 3502 humor,
648 3440 681 3492 ut
694 3433 761 3493 fieri
775 3432 860 3492 solet.

262 3516 431 3594 Emungere
446 3517 539 3592 igitur
553 3533 585 3576 se
601 3515 701 3577 volens
716 3516 836 3595 prendit
849 3535 937 3577 manu
1187 3525 1216 3577 ,15

238 3668 241 3673 ,
263 3599 424 3679 Traxitque
438 3599 474 3660 ad
488 3607 600 3660 terram
615 3603 678 3660 nasi
693 3600 916 3678 longitudinem,

262 3683 301 3746 Et
314 3683 401 3746 aliam
415 3684 518 3745 ridens
533 3686 598 3766 ipsa
612 3684 740 3746 ridenda
754 3686 883 3746 exstitit.

1009 3775 1057 3838 δι*
