2975 4234
622 401 730 458 nmen
751 402 786 458 Π.
807 402 856 459 Πῑ

578 602 700 662 LIBER
722 603 905 665 TERTIVS.

455 716 684 769 memsuis
701 719 760 770 AD
776 718 1029 774 nvchffvu.

305 802 433 865 Phaedri
448 802 565 865 libellos
578 803 678 882 legere
693 806 719 864 si
735 804 897 875 desideras,

262 886 355 948 Vaces
369 895 499 968 oportet,
516 887 664 967 Eutyche,
680 906 697 948 a
711 891 848 966 negotiis,

263 972 298 1032 Vt
313 971 392 1032 liber
406 974 523 1033 animus
538 974 646 1033 sentiat
659 973 719 1032 vim
734 975 886 1034 carminis.

263 1054 386 1126 Verum,
402 1057 516 1137 inquis,
532 1059 607 1117 tanti
622 1074 681 1117 non
697 1065 743 1117 est
757 1059 910 1134 ingenium
925 1065 1019 1128 tuum,

262 1139 443 1215 Momentum
456 1148 490 1200 ut
503 1141 594 1201 horae
607 1150 712 1220 pereat
726 1141 833 1202 ciliciis
847 1145 932 1203 meis.

263 1224 328 1287 Non
343 1242 414 1302 ergo
429 1242 517 1286 causa
533 1233 578 1285 est
593 1223 730 1285 manibus
743 1225 776 1286 id
790 1228 871 1303 tangi
887 1227 956 1296 tuis,

264 1307 347 1379 Quod
362 1311 513 1388 occupatis
527 1307 650 1370 auribus
664 1327 724 1370 non
739 1313 886 1372 convenit.

264 1393 404 1454 Fortasse
419 1393 514 1454 dices:
545 1393 668 1473 Aliquae
683 1395 804 1454 venient
817 1395 922 1463 leriae,

264 1476 344 1548 Quae
358 1494 406 1537 me
421 1477 515 1538 soluto
530 1485 650 1556 pectore
665 1478 702 1538 ad
717 1479 848 1539 studium
862 1485 977 1539 vocent.

264 1561 411 1638 Legesne,
427 1577 549 1640 quaeso,
566 1564 666 1640 potius
682 1562 754 1621 viles
769 1564 882 1631 nenias,

264 1643 418 1724 Impendas
434 1663 535 1707 curam
549 1663 638 1724 quam
652 1646 698 1705 rel
713 1645 901 1714 domesticae,

265 1728 381 1791 Reddas
395 1731 499 1791 amicis
513 1737 661 1807 tempora,
677 1731 763 1790 uxori
778 1747 873 1799 vaces,

264 1815 402 1876 Animum
416 1812 545 1882 relaxes,
563 1816 656 1875 otium
671 1813 723 1874 des
737 1817 865 1893 corpori,

263 1897 300 1958 Vt
315 1898 467 1959 adsuetam
481 1899 590 1958 lortius
606 1906 739 1976 praestes
754 1899 868 1959 ricem?

263 1981 434 2043 Mutandum
449 1981 505 2042 tibi
520 1984 704 2061 propositum
719 1990 766 2042 est
781 1990 811 2043 et
824 1985 901 2042 ritae
917 2000 1020 2060 genus,

265 2065 379 2128 intrare
393 2068 419 2126 si
434 2065 584 2127 Musarum
598 2065 689 2127 limen
704 2068 825 2144 cogitas.

264 2152 340 2229 Ego,
356 2169 445 2230 quem
458 2149 559 2211 Pierio
573 2158 669 2212 mater
683 2153 772 2211 enixa
787 2160 832 2213 est
844 2168 925 2229 Jugo,

264 2235 297 2296 ln
312 2253 370 2314 quo
384 2237 498 2295 tonanti
513 2242 613 2296 saneta
628 2234 816 2314 Mnemosyne
830 2234 891 2295 lovi

264 2318 402 2381 Fecunda
417 2321 519 2379 novies
534 2321 643 2380 artium
658 2321 777 2399 peperit
791 2319 923 2388 chorum,

264 2401 404 2473 Quamvis
418 2404 450 2462 in
464 2404 530 2481 ipsa
544 2421 638 2482 paene
652 2411 739 2464 natus
755 2405 811 2464 sim
826 2403 925 2464 schola

264 2486 429 2566 Curamque
443 2484 572 2547 habendi
586 2489 705 2566 penitus
719 2487 809 2548 corde
824 2488 966 2547 eraserim

263 2571 302 2633 Et
315 2569 402 2632 laude
416 2572 526 2630 invicta
540 2572 628 2631 vitam
643 2573 675 2630 in
689 2571 765 2631 banc
779 2569 975 2639 incubuerim,

264 2654 427 2718 Fastidiose
442 2662 541 2714 tamen
556 2656 586 2715 in
602 2662 717 2714 coetum
732 2656 871 2731 recipior.

263 2738 340 2810 Quid
355 2737 453 2798 credis
467 2738 510 2798 illi
526 2737 676 2807 accidere,
693 2741 743 2816 qui
759 2754 879 2815 magnas
894 2755 966 2816 opes

264 2823 449 2900 Exaggerare
465 2824 582 2902 quaerit
597 2824 676 2882 omni
690 2823 800 2900 uigilia,

263 2906 355 2968 Docto
369 2906 464 2967 labori
479 2906 564 2966 dulce
579 2924 764 2986 praeponens
778 2907 911 2967 luorum?

264 2990 322 3051 Sed
337 2993 397 3051 iam
411 2990 616 3069 quodcumque
630 2991 737 3060 luerit,
753 3000 786 3052 ut
801 2991 876 3051 dixit
891 2989 993 3060 Sinon,

263 3075 307 3136 Ad
321 3092 423 3152 regem
438 3093 505 3135 cum
519 3075 685 3136 Dardaniae
700 3075 861 3153 perductus
875 3075 967 3146 soret,

263 3158 388 3219 Librum
402 3156 530 3220 exarabo
545 3161 666 3219 tertium
681 3159 789 3238 Aesopi
804 3158 881 3228 stilo,

264 3243 376 3304 Honori
391 3250 422 3303 et
436 3243 552 3303 meritis
567 3242 706 3303 dedicans
720 3242 803 3303 illum
818 3245 886 3303 tuis.

263 3325 358 3397 (luem
372 3328 398 3388 sl
412 3326 507 3405 legeS,
523 3325 670 3397 laetabor;
686 3329 732 3388 sin
748 3335 845 3388 autem
861 3328 968 3396 minus,

265 3410 422 3473 Habebunt
436 3417 531 3480 certe,
548 3429 606 3491 quo
621 3428 653 3472 se
668 3410 816 3472 oblectent
830 3413 951 3490 posteri.

305 3494 405 3564 Nunc,
420 3493 584 3556 fabularum
601 3512 654 3554 cur
668 3496 708 3556 sit
722 3497 873 3556 inventum
888 3512 991 3572 genus,

264 3579 352 3641 Brevi
366 3578 488 3640 docebo.
518 3577 651 3640 Servitus
665 3579 801 3648 obnoxia,

265 3662 341 3732 Quia
356 3681 431 3742 quae
448 3661 565 3724 volebat
578 3680 638 3722 non
652 3661 783 3724 audebat
796 3662 921 3730 dicere,

997 3750 1049 3812 (ζὶ
