2975 4234
266 393 308 461 ui
543 399 705 455 ananum
725 399 949 455 carmanum

267 550 416 631 Numquid
431 548 503 620 tibi,
518 550 630 629 inquit,
645 551 726 610 visus
741 568 808 610 sum
822 550 997 630 superbiori

265 633 350 697 Haud
365 652 438 695 rana
452 633 539 695 nobis
553 636 655 712 ingeni
670 635 778 694 fiducia
793 644 848 695 est.

266 719 423 780 Confectus
437 718 487 779 ille
502 721 631 798 pessimo
646 717 808 779 volumine:

265 802 344 880 ligo,
360 804 471 881 lnquit,
487 802 566 882 qnod
580 809 610 863 te
624 802 727 863 laudas
741 803 933 864 vehementer
946 803 1051 884 probo.

265 885 398 968 Namque
413 887 469 947 hoc
484 885 521 947 ab
536 886 594 947 alio
608 905 770 966 numquam
785 889 937 966 continget
953 888 1020 950 tibi.

595 1040 785 1100 FABVLA
806 1041 891 1101 vm.

364 1137 580 1190 POMPEIVS
596 1137 776 1189 MAGNVS
792 1139 848 1188 BT
864 1137 963 1190 mvn
980 1139 1120 1194 ΜΙΙιΕΒ.

473 1218 563 1284 Quom
580 1218 694 1274 difficile
712 1217 750 1273 sib
765 1219 908 1274 hominem
924 1235 1014 1276 nosse.

306 1309 405 1387 llagni
418 1308 542 1388 Pompei
556 1308 642 1368 miles
656 1310 731 1369 vasti
746 1310 882 1386 corporis

265 1393 372 1455 Fracte
386 1393 534 1472 loquendo
548 1400 578 1453 et
592 1391 770 1453 ambulando
784 1391 914 1453 molliter

266 1477 385 1538 Famam
399 1477 515 1538 cinaedi
530 1484 662 1537 traxerat
675 1478 884 1537 certissimam.

264 1561 320 1622 llic
334 1562 490 1623 insidiatus
504 1569 589 1622 nocte
604 1563 746 1622 iumentis
761 1561 854 1632 ducis,

265 1646 337 1707 Cum
351 1654 431 1706 reste
447 1655 478 1706 et
491 1665 563 1706 auro
579 1654 609 1705 et
622 1663 728 1722 magno
744 1647 860 1722 argenti
875 1646 1006 1726 pondero
1204 1653 1223 1706 5

263 1733 378 1792 Avertit
391 1730 496 1791 mulos.
526 1731 648 1790 Factum
663 1747 766 1790 rumor
780 1730 920 1810 dissipat;

264 1816 406 1894 Arguitur
421 1815 520 1884 miles,
536 1817 652 1892 rapitur
668 1817 699 1874 in
713 1816 908 1892 praetorium.

263 1898 340 1960 Tum
354 1899 491 1976 Magnus:
521 1897 617 1968 Ouidi
637 1901 693 1969 ait,
710 1906 781 1958 tune
796 1917 860 1968 me,
876 1899 1045 1972 commilito,

264 1984 397 2062 Spoliare
412 2001 445 2044 es
459 1983 566 2044 ansusi
594 1982 647 2043 lile
661 1985 803 2044 continuo
817 1992 952 2044 exscreat

264 2068 330 2129 Sibi
345 2071 377 2129 in
391 2069 542 2128 sinistram
557 2075 588 2128 et
602 2073 721 2146 sputum
736 2067 838 2145 digitis
852 2068 988 2146 dissipat.

264 2153 328 2223 Sic,
344 2154 520 2232 imperator,
537 2152 614 2213 oculi
632 2152 833 2213 exstillescant
847 2154 917 2221 mei,

264 2237 296 2298 si
310 2237 371 2297 vidi
386 2244 437 2297 aut
450 2238 546 2314 tetigi.
576 2235 652 2297 ‘lum
666 2238 712 2296 vir
727 2237 820 2297 animi
834 2236 978 2316 simplicis

263 2321 297 2383 ld
311 2321 440 2381 dedecus
454 2328 621 2381 castrorum
635 2319 761 2399 propelli
776 2319 868 2390 iubet,

264 2405 326 2468 Nec
341 2405 447 2466 cadere
462 2407 494 2466 in
509 2405 594 2465 illum
607 2405 703 2464 credit
717 2411 830 2476 taniam
845 2404 1006 2466 audaciam.

263 2489 359 2551 Breve
373 2498 490 2569 tempus
504 2491 689 2559 intercessit,
705 2496 735 2550 ct
749 2489 844 2550 iidens
857 2506 947 2549 manu

263 2575 358 2635 Vnum
374 2593 389 2634 e
404 2575 544 2634 Romanis
557 2572 736 2653 provocabat
750 2573 911 2635 barbarus.¹

264 2659 329 2720 sibi
343 2661 469 2739 quisque
484 2660 604 2727 metuit;
620 2661 710 2737 primi
724 2661 797 2736 quin
811 2665 946 2718 mussant
960 2657 1061 2720 duces.

262 2742 395 2804 Tandem
410 2743 551 2804 cinaedus
565 2742 683 2812 habitu,
698 2743 751 2802 sed
767 2743 844 2803 biars
858 2741 982 2812 viribus,

263 2827 498 2890 adtendentem
512 2846 568 2907 pro
581 2826 726 2888 tribunali
741 2827 855 2896 ducem,

264 2912 301 2973 Et
315 2930 386 2972 voce
401 2911 496 2972 molli:
521 2912 624 2972 Licet?
646 2911 805 2970 Enimvero
819 2912 877 2970 eici

263 2997 366 3057 Virum
380 3003 413 3056 ut
427 2998 459 3056 in
473 3013 507 3056 re
522 2997 615 3057 atroci
629 2995 752 3072 llagnus
767 2995 954 3056 stomachans
967 2996 1096 3075 inperat.

263 3080 340 3142 'l'um
354 3081 473 3160 quidam
488 3082 588 3140 senior
603 3098 639 3140 ex
654 3080 758 3138 amicis
772 3081 932 3158 principis:

263 3165 348 3226 lluno
363 3183 417 3243 ego
432 3166 576 3225 committi
592 3165 682 3225 satius
697 3163 847 3224 Fortunae
862 3163 1001 3234 arbitror,

263 3249 297 3310 ln
312 3269 370 3329 quo
384 3251 498 3310 iactura
511 3249 584 3309 levis
599 3258 658 3316 est,
675 3248 884 3326 quam‘iortem
899 3249 1005 3318 virum,

263 3333 320 3404 Qui
335 3352 406 3395 casu
420 3334 516 3394 rictus
530 3335 707 3393 temeritatis
721 3340 750 3391 te
767 3338 882 3409 arguat.

263 3421 396 3481 Assensit
409 3418 531 3496 Magnus
545 3424 575 3478 et
588 3417 726 3495 permisit
740 3417 830 3477 militi

262 3502 387 3564 Prodire
402 3510 519 3572 conira;
535 3503 586 3581 qni
601 3503 727 3561 mirante
742 3502 886 3570 exercitu,

263 3586 347 3648 Dicto
362 3586 488 3647 celerius
503 3587 597 3646 hostis
612 3584 739 3645 abscidit
753 3592 843 3663 caput

263 3671 423 3750 Victorque
435 3671 536 3732 rediit.
566 3670 620 3730 His
635 3677 706 3729 tunc
720 3668 879 3748 Pompeius
893 3686 999 3751 super:
