2975 4234
643 412 752 468 LIBFR
772 411 820 470 IV.

585 561 777 623 FABVLA
797 561 878 622 XVI.

501 660 558 712 DE
576 659 729 712 came
744 659 965 713 Bonnam.

294 743 422 809 Barbam
437 746 568 826 capellae
584 763 651 806 oum
665 747 866 827 inpetrassent
879 745 916 806 ah
931 745 1008 814 loro.

252 828 336 892 Hirci
350 836 519 892 maerentes
532 831 683 908 indignari
699 838 872 908 coeperunt,

252 914 337 985 Quod
351 915 525 993 dignitatem
539 915 667 975 feminae
682 921 859 995 aequassent
872 931 965 975 suam.

253 999 363 1068 Sinite,
379 1001 491 1078 inquit,
507 999 574 1060 illas
588 999 682 1077 gloria
696 1017 771 1060 vana
784 999 845 1059 hui

251 1082 289 1144 Et
301 1101 447 1162 usurpare
462 1085 554 1144 vestri
569 1090 705 1144 ornatum
719 1085 863 1154 muneris,

250 1167 342 1229 Pares
355 1167 426 1228 (lum
440 1185 500 1228 non
515 1170 577 1228 sint
590 1176 705 1228 vestrae
720 1167 902 1228 fortitudini.

293 1251 355 1312 Hoc
370 1260 576 1330 argumentum
590 1259 706 1321 monet,
722 1259 754 1312 ut
770 1253 918 1312 sustineas
932 1251 989 1312 tibl

251 1334 363 1397 Habitu
377 1353 444 1397 essa
458 1336 585 1406 similes,
602 1338 654 1416 qui
668 1337 729 1397 sint
743 1338 851 1396 virtute
866 1338 996 1415 inpares.

577 1471 602 1531 F
610 1472 770 1531 ABVLA
791 1472 887 1530 XVII.

468 1571 526 1622 ml
542 1569 754 1622 FOR'FVNIS
771 1568 990 1621 HOMINVM.

293 1655 366 1718 Cum
381 1655 418 1716 (la
432 1656 561 1716 lortunis
576 1655 697 1734 quidam
712 1662 889 1734 quereretur
905 1657 977 1725 suis,

250 1739 383 1820 Aesopus
397 1741 483 1800 linxit
497 1740 666 1800 consolandi
681 1741 791 1816 gratia:

291 1824 401 1886 Vexata
417 1827 513 1884 saevis
527 1827 609 1885 navis
623 1822 860 1904 tempestatibus,

249 1908 331 1970 inter
344 1916 497 1969 rectorum
512 1909 650 1970 lacrimas
665 1916 695 1968 et
709 1910 815 1968 mortis
828 1915 949 1977 metum,

250 1993 371 2055 Faciem
386 1993 422 2054 ad
437 2011 573 2054 serenam
589 1992 686 2053 subito
701 2000 734 2052 ut
748 2000 879 2053 mutatur
894 1993 967 2063 dies,

251 2077 339 2139 Ferri
355 2077 494 2139 secundis
507 2085 570 2139 tuta
586 2079 684 2156 coepit
697 2076 818 2137 flatibus

251 2161 407 2242 Nimiaque
422 2170 526 2223 nautas
540 2162 689 2222 hilaritate
705 2160 856 2221 extollere.

178 2275 182 2291 ι
251 2246 360 2307 Factus
374 2245 495 2324 periclis
509 2254 572 2307 turn
587 2245 770 2324 gubernator
784 2245 908 2324 sophus:

251 2329 355 2390 ‘Parce
371 2329 501 2406 gaudere
516 2339 634 2410 oportet
648 2339 678 2391 et
692 2331 803 2391 sensim
818 2331 929 2409 queri!
943 2362 986 2376 —

250 2411 355 2475 Totam
370 2431 463 2493 aeque
478 2416 568 2475 vitam
582 2417 687 2475 miscet
702 2414 785 2475 dolor
800 2421 831 2474 et
844 2414 994 2492 gaudium.

429 2654 431 2658 Α
567 2566 759 2626 unsrun
779 2566 891 2625 xvm.

445 2665 597 2716 omno
612 2663 772 2715 LEGA'PI
787 2664 846 2713 AD
863 2663 1012 2718 1ova.

292 2751 387 2813 Canes
401 2751 514 2828 legatos
529 2751 598 2811 olhn
613 2752 721 2810 misere
737 2748 774 2808 ad
789 2748 897 2817 lovem,

249 2835 382 2897 Melioris
396 2837 474 2896 vitae
489 2843 607 2913 tempus
622 2842 736 2894 oratum
751 2851 831 2902 suae,

249 2918 286 2980 Vt
301 2937 365 2980 sese
381 2922 513 2999 eriperet
528 2919 682 2979 hominurn
697 2917 894 2987 contumeliis,

250 3003 430 3064 Furfuribus
444 3003 502 3064 sibi
517 3021 708 3083 conspersum
723 3002 802 3082 qnod
816 3019 923 3080 panem
938 3002 1042 3064 darent

250 3088 393 3167 Fimoque
408 3090 489 3167 turpi
503 3090 630 3148 maximo
645 3086 799 3166 explerent
811 3087 930 3146 famem.

249 3170 381 3233 Profecti
396 3179 465 3232 sunt
479 3172 568 3250 legati
584 3190 643 3233 non
659 3171 749 3230 celeri
764 3170 850 3250 pede,

249 3256 327 3317 llum
340 3254 464 3317 naribus
477 3263 647 3317 scrutantur
662 3273 761 3316 escam
774 3257 805 3315 in
820 3262 962 3316 stercore.

250 3341 339 3403 sitati
353 3358 413 3400 non
428 3340 618 3419 respondent.
647 3340 702 3400 Vir
716 3339 836 3400 tandem
850 3341 964 3400 invenit

250 3423 308 3486 Eos
323 3424 488 3485 Mercurius
503 3433 534 3485 et
548 3424 681 3486 turbatos
696 3424 833 3485 adtrahit.

250 3507 326 3569 Tum
340 3527 411 3569 vero
425 3509 537 3570 vultum
552 3511 651 3588 magni
665 3516 699 3569 nt
712 3509 852 3569 viderunt
866 3508 953 3579 loris,

250 3590 355 3653 Totam
369 3595 508 3655 timentes
523 3602 720 3655 concacarunt
734 3596 864 3672 regiam;

291 3677 428 3759 Propulsi
443 3696 513 3740 vero
528 3678 656 3740 fustibus
671 3678 783 3740 vadunt
794 3679 892 3739 lonas.
