2975 4234
282 349 303 413 2
559 355 719 412 PHAEDRI
739 355 963 412 FABVLARVM

281 502 369 566 Pater
383 503 483 566 hercle
498 512 568 566 tuus
581 503 640 575 ibi,
656 506 765 585 inquit,
781 504 857 566 mele
873 505 948 566 dixit
961 504 1046 566 mihi.

281 589 376 667 Atque
391 590 433 650 ita
447 596 618 668 correptum
633 588 744 650 lacerat
758 591 868 651 iniusta
881 606 966 650 nece.

323 671 403 733 Haec
417 680 540 752 propter
554 672 621 734 illos
636 675 747 752 scripta
762 681 808 735 est
821 673 956 734 homines
970 671 1078 743 fabula,

282 753 338 827 Qui
352 757 430 818 dctis
444 758 542 819 causis
555 759 730 819 innocentes
740 760 921 838 opprimunt

557 931 559 936 ·
630 909 820 969 FABVLA
846 909 887 968 H.
988 973 991 979 ,

464 1006 611 1058 Rom
627 1007 779 1058 REGEM
794 1004 1050 1060 Pmmvltc.

324 1092 455 1154 Athenae
470 1110 537 1153 cum
551 1092 693 1154 florerent
707 1094 809 1172 aequis
822 1091 947 1170 legibus,

282 1175 395 1239 Procax
409 1175 534 1238 libertas
547 1179 698 1239 civitatem
712 1177 831 1237 miscuit

283 1260 470 1342 Frenumque
486 1261 571 1322 solvit
584 1263 744 1340 pristinum
759 1261 889 1321 licentia.

282 1343 338 1404 Hic
352 1347 530 1424 conspiratis
544 1345 705 1406 factionum
720 1343 856 1424 partibus

283 1431 389 1502 Arcem
403 1436 547 1509 tyrannus
560 1437 684 1510 occupat
698 1429 882 1490 Pisistratus.

284 1512 357 1574 Cum
370 1514 487 1574 tristem
501 1515 673 1576 servitutem
687 1513 795 1574 flerent
808 1514 907 1581 Attici,

285 1594 360 1673 (Non
374 1599 444 1678 quta
459 1595 588 1658 crudelis
602 1598 671 1669 ille,'
683 1597 735 1658 sed
750 1597 889 1677 quoniam
903 1612 992 1673 grave

284 1680 376 1742 Omne
391 1683 517 1743 insuetis
531 1681 615 1761 onus)
632 1690 662 1742 et
676 1684 845 1761 coepissent
858 1683 955 1759 queri,

284 1768 415 1846 Aesopus
427 1766 518 1826 talem
532 1774 595 1826 tum
609 1765 748 1827 tabellam
762 1763 887 1825 rettulit.

325 1850 424 1911 Ranae
438 1857 577 1927 vagantes
591 1849 693 1910 liberis
708 1847 867 1928 paludibus

284 1932 418 1994 Clamore
431 1951 538 2011 magno
551 1937 653 2011 regem
666 1935 781 2012 petiere
796 1951 813 1993 a
827 1932 905 2002 lore,

284 2017 341 2087 Oui
356 2017 514 2078 dissolutos
529 2035 627 2078 mores
639 2020 668 2078 vi
683 2024 885 2096 conpesceret.

284 2101 372 2162 Pater
386 2101 509 2162 deorum
523 2103 591 2164 risit
605 2110 692 2181 atque
707 2101 767 2162 illis
782 2101 863 2162 dedit

284 2185 410 2247 Parvum
425 2185 567 2264 tigillum,
583 2186 799 2268 missumuquod
812 2184 913 2275 sppito
927 2183 995 2245 vadi

284 2269 365 2330 Motu
379 2288 509 2350 sonoque
524 2251 633 2330 terruit
647 2252 786 2349 paridr'r'm
799 2287 902 2347 genus.

285 2353 348 2415 Hoc
362 2371 493 2415 mersum
507 2353 579 2414 limo
593 2372 661 2416 oum
675 2355 788 2415 iaceret
801 2354 923 2423 diutius,

286 2437 375 2500 Forte
389 2456 448 2500 una
461 2440 550 2500 tacito
565 2438 681 2518 profert
695 2457 711 2498 e
726 2447 830 2515 stagno
844 2445 934 2516 caput

285 2523 324 2584 Et
337 2522 489 2602 explorato
504 2539 574 2600 rege
591 2530 711 2583 cunctas
726 2530 837 2583 evocat.

285 2606 355 2668 illae
370 2608 475 2667 timore
490 2608 586 2686 posito
601 2609 736 2668 certatim
752 2605 890 2667 adnatant

285 2691 470 2770 Lignumque
485 2709 574 2770 supra
589 2691 677 2752 turha
692 2691 827 2770 petulans
842 2688 945 2750 insilit.

286 2773 370 2846 Quod
385 2793 452 2834 cum
467 2776 672 2854 inquinassent
686 2778 767 2836 omni
782 2774 968 2843 contumelia,

280 2859 383 2930 *Alium
398 2866 536 2935 rogantes
549 2875 651 2936 regem
666 2859 827 2940 misereqd
840 2857 947 2939 lovem,

285 2942 403 3004 inutilis
417 2944 555 3022 quoniam
570 2951 649 3007 esset
663 2943 714 3021 qui
728 2943 826 3003 iuerat
844 2923 939 3003 da'tus.

286 3027 361 3088 Tum
375 3027 456 3088 mlsit
469 3025 530 3087 illis
543 3026 682 3106 hydrum,
699 3028 751 3106 qui
766 3026 854 3086 dente
869 3042 975 3105 aspero

288 3111 447 3190 Corripere
462 3112 560 3190 coepit
574 3110 713 3188 singulas.
744 3111 867 3172 Frustra
880 3127 985 3170 necem

287 3194 426 3273 Fugitant
439 3196 566 3264 inertes,
582 3212 684 3255 vocem
698 3194 865 3274 praecludit
877 3200 984 3254 metus.

287 3279 403 3340 Furtim
417 3281 509 3356 igitur
523 3279 594 3339 dent
607 3278 755 3340 Mercurio
769 3278 906 3338 mandata
920 3276 957 3336 ad
971 3274 1079 3347 Iovem,

287 3363 421 3425 adflictis
434 3371 468 3422 ut
478 3371 641 3424 succurrat.
671 3362 755 3424 Tunc
769 3371 872 3423 contra
886 3361 974 3422 deus:

287 3446 361 3519 Quia
376 3445 514 3508 noluistIs
527 3455 657 3508 vestrum
672 3447 767 3517 ferre,
782 3448 893 3525 inquit,
912 3443 1032 3538 bompm,

288 3529 394 3592 Maium
408 3532 549 3610 perferte.
563 3563 606 3578 -
620 3529 678 3592 Vos
691 3549 823 3630 qqqque
839 3533 968 3619 qrp'ves,
983 3531 1035 3598 ait,

288 3615 349 3676 Hoc
364 3617 523 3686 sustinete.
539 3617 633 3678 maius
648 3607 685 3677 rf‘e
700 3623 799 3677 veniat
812 3613 931 3676 maium.
