2975 4234
273 392 312 461 16
545 395 706 452 Piranum
725 395 949 453 FABVLARVM

269 548 303 612 ln
316 547 514 611 Misenensem
527 545 625 606 villam
640 547 770 606 venisset
784 563 876 617 suam,

267 631 349 704 (biae
363 641 462 694 monte
477 647 591 692 summo
606 631 700 710 posita
714 629 830 690 Luculli
844 649 935 692 manu

267 716 442 864 iroqpeetat
455 715 588 777 Siculum
603 720 634 773 et
647 714 772 792 respicit
786 713 916 776 Tuscum
929 733 1026 778 mare:

267 801 311 865 m
355 801 486 863 liniuetis
500 816 575 860 unus
590 797 782 867 atriensibus,

267 886 322 950 (bil
338 885 436 947 tunica
451 882 491 946 ab
504 884 616 944 umeris
630 882 723 942 linteo
737 881 859 944 Pelusio

267 969 339 1033 Emi
353 968 508 1037 destricta,
524 968 613 1026 cirris
628 965 872 1044 dependentibus,

266 1051 495 1117 Perambulante
509 1050 584 1112 laeta
599 1049 717 1111 domino
733 1051 849 1121 viridia,

267 1136 385 1202 Alveolo
399 1137 497 1214 coepit
509 1133 608 1212 ligneo
623 1152 821 1214 conspergere

267 1221 395 1285 llumum
408 1227 606 1288 aestuantem,
623 1236 706 1280 come
721 1221 852 1280 officium
866 1220 1022 1294 iactitare:

267 1305 326 1368 Sed
340 1304 505 1366 deridetur.
535 1303 607 1363 Inde
623 1307 700 1364 notis
715 1302 844 1364 lienibus

266 1389 436 1454 lnauurrit
450 1387 538 1448 alium
553 1389 584 1447 in
599 1395 731 1466 xystum,
747 1388 854 1448 sedans
869 1388 1031 1467 pulverem.

266 1474 406 1553 Agnoscit
420 1471 569 1532 bominem
584 1471 691 1533 Caesar
705 1490 828 1552 remque
843 1472 997 1551 intellegit.

266 1558 295 1621 ls
309 1564 341 1620 ut
355 1558 469 1636 putavit
483 1573 548 1616 esse
563 1558 664 1616 nescio
679 1557 751 1634 quid
767 1556 852 1618 boni:

266 1641 359 1705 lleusl
380 1641 477 1720 lnquit
492 1640 638 1701 dominus.
667 1640 720 1701 llle
736 1644 887 1705 enimuero
901 1641 1010 1712 adsilit,

266 1725 436 1787 Donationis
450 1723 548 1784 alacer
564 1732 662 1785 certae
676 1725 794 1802 gaudio.

265 1809 342 1872 Turn
356 1810 399 1869 sic
414 1810 509 1868 iocata
524 1817 569 1869 est
584 1815 664 1869 tanta
678 1811 819 1870 maiestas
834 1809 935 1870 ducis:

265 1892 330 1956 Non
344 1892 469 1953 multum
484 1894 571 1970 egisti
587 1900 617 1953 et
631 1911 721 1971 opera
736 1896 916 1973 nequiquam
929 1894 1022 1974 perit;

266 1976 354 2040 llulto
369 1977 491 2037 maioris
505 1976 605 2055 alapae
619 1995 736 2038 meeum
751 1985 889 2039 veneunt.

610 2129 801 2189 FABVLA
821 2131 875 2189 VI.

532 2228 695 2287 AQVILA
712 2229 767 2279 En
785 2227 959 2280 colem

309 2314 417 2376 Contra
432 2321 568 2393 potentes
583 2331 669 2374 nemo
684 2321 730 2374 est
744 2316 875 2374 munitus
890 2316 979 2385 satim

268 2396 299 2459 Si
316 2416 385 2458 vero
401 2400 526 2459 accessit
540 2399 712 2459 consiliator
726 2398 885 2468 maleficus,

267 2483 318 2544 Vis
333 2491 362 2543 et
376 2483 507 2562 nequitia
523 2483 663 2562 quicquid
680 2491 864 2560 oppugnant,
880 2484 951 2543 ruit.

308 2567 412 2646 Aquila
426 2569 458 2627 in
472 2566 599 2628 sublime
614 2566 731 2626 sustulit
744 2566 932 2628 testudinem.

266 2650 347 2721 Quae
362 2669 430 2712 curn
444 2650 609 2712 abdidisset
623 2669 731 2712 cornea
746 2669 854 2729 corpus
869 2651 956 2711 domo

266 2735 328 2796 Nec
342 2735 402 2796 ullo
416 2743 501 2814 pacto
517 2735 593 2796 laedi
609 2744 709 2814 posset
723 2736 852 2805 condita,

266 2818 352 2880 Venit
366 2837 420 2898 per
434 2837 520 2880 auras
535 2821 638 2879 cornix
654 2827 683 2878 et
696 2829 821 2898 propter
835 2819 951 2880 volans:

266 2903 400 2982 Opimam
416 2921 485 2964 sane
500 2903 639 2981 praedam
654 2905 779 2984 rapuisti
795 2903 961 2980 unguibus:

266 2987 324 3049 Sed
338 2989 397 3049 nisi
411 2994 576 3048 monstraro
591 2986 662 3066 quid
677 2989 716 3047 sit
729 2987 897 3047 laciendum
911 2987 978 3058 tibi,

265 3071 354 3134 Gravi
368 3073 548 3152 nequiquam
563 3079 592 3130 te
607 3070 730 3132 lassabit
745 3071 885 3150 pondere.

265 3155 414 3217 Promissa
429 3163 513 3234 parte
528 3155 646 3224 suadet,
663 3163 696 3215 ut
710 3156 865 3235 scopulum
879 3173 970 3235 super

265 3239 339 3300 Altis
354 3239 390 3301 ab
406 3243 494 3301 astris
509 3240 611 3300 duram
626 3239 733 3300 inlidat
747 3243 897 3309 corticem,

264 3322 327 3394 Qua
343 3326 510 3385 conminuta
525 3324 611 3384 facile
626 3333 764 3384 vescetur
780 3323 857 3384 cibo.

264 3407 386 3468 Inducta
401 3407 501 3468 verbis
515 3409 626 3487 aquila,
643 3411 765 3469 monitis
779 3410 886 3486 paruit,

264 3491 360 3553 Simul
375 3499 404 3552 et
419 3495 577 3570 magistrae
591 3493 672 3568 large
688 3492 788 3552 divisit
802 3493 918 3571 dapem.
970 3493 972 3497 ’
1038 3509 1043 3515 “

191 3622 193 3627 ,
263 3575 314 3637 Sic
328 3584 390 3638 tnta
405 3594 480 3655 quae
495 3583 617 3636 naturae
632 3577 729 3636 luerat
743 3594 877 3648 munere.
1037 3576 1040 3582 '

263 3658 351 3739 lupar
367 3660 481 3721 duabus
496 3661 606 3721 occidit
620 3661 699 3721 tristi
714 3679 799 3721 nece.
