2975 4234
299 373 341 440 48
485 409 487 414 ·
578 379 738 437 PHAEDRI
758 383 981 441 PABVLARVM

301 530 339 592 Et
354 531 500 601 derisuri,
516 549 576 592 non
591 535 768 611 spectaturi,
785 534 899 596 sedent.

302 618 430 696 Vterque
447 617 556 695 prodit.
588 615 696 678 Scurra
711 618 872 696 degrunnit
886 621 970 698 prior

301 701 454 780 Movetque
469 701 591 780 plausus
605 710 635 762 ct
649 701 794 763 clamores
808 706 942 764 suscitat.

301 784 386 846 'lunc
400 785 542 846 simulans
557 803 622 846 sese
637 787 821 847 vestimentis
834 789 965 848 rusticus

300 868 467 931 Porcellum
483 868 637 948 obtegere,
655 867 743 949 (quod
757 871 887 931 iaciebat
901 873 1024 943 scilicet,

302 953 377 1024 Sed,
392 956 424 1014 in
440 957 540 1033 priore
555 956 624 1033 quia
639 955 681 1014 nil
697 964 916 1034 compererant,
932 954 1038 1037 latens)

300 1037 442 1100 Pervellit
456 1057 558 1099 aurem
573 1057 656 1108 vero,
673 1057 762 1118 quem
777 1039 931 1110 celaverat,

300 1121 421 1183 Etcum
436 1122 536 1183 dolore
552 1141 654 1183 vocem
668 1133 791 1184 naturae
807 1126 958 1204 exprimit.

301 1207 452 1266 Adclamat
465 1207 593 1286 populus
607 1225 740 1268 scurram
755 1207 847 1268 multo
862 1209 990 1269 similius

301 1289 464 1360 Imitatum,
480 1300 510 1351 et
525 1294 604 1369 cogit
616 1294 763 1353 rusticum
777 1292 858 1352 trudi
872 1293 962 1353 loras.

301 1375 339 1435 At
352 1374 403 1436 ille
417 1375 531 1454 profert
545 1377 644 1454 ipsum
657 1376 821 1455 porcellum
836 1394 852 1435 e
868 1377 943 1446 sinu,

301 1457 491 1538 Turpemque
506 1470 608 1539 aperto
623 1461 748 1538 pignore
764 1477 896 1520 errorem
910 1459 1055 1540 probans:

300 1540 345 1604 En
360 1544 409 1603 laic
424 1543 567 1614 declarat,
583 1544 685 1624 quales
700 1545 765 1604 sitis
779 1544 906 1606 iudices!

301 1795 467 1846 cnhvvs
483 1796 538 1846 ΕΤ
555 1698 1016 1855 Qvgfflggvgll’mfl
1032 1795 1255 1849 nnmervs.

342 1881 459 1942 Invenit
474 1881 572 1941 calvus
586 1882 662 1940 lorte
677 1883 709 1941 in
723 1883 813 1941 trivio
826 1883 985 1960 pectinem.

301 1966 434 2026 Accessit
449 1965 537 2035 alter,
554 1983 647 2044 aeque
664 1965 797 2026 delectus
811 1966 891 2044 pilis.

301 2048 389 2110 Heia!
411 2050 521 2128 inquit,
538 2052 570 2109 in
585 2067 739 2110 commune
754 2050 960 2130 quodcumque
974 2057 1021 2111 est
1034 2049 1119 2112 lucri.

301 2133 440 2195 Ostendit
454 2133 502 2194 ille
518 2134 657 2211 praedam
673 2142 703 2194 et
718 2133 827 2194 adiecit
842 2135 943 2194 simul:

302 2217 449 2295 Superum
463 2217 597 2278 voluntas
611 2219 698 2288 lavit;
715 2218 766 2278 sed
781 2219 841 2279 lato
857 2219 956 2278 invido
1239 2226 1258 2278 o

301 2301 479 2371 Carbonem,
496 2309 529 2361 ut
543 2304 640 2372 aiunt,
656 2321 711 2381 pro
726 2302 866 2362 thesauro
880 2303 1058 2364 invenimus.
1076 2311 1078 2315 '

342 2384 436 2456 Quem
451 2403 518 2465 spes
533 2385 655 2456 delusit,
672 2386 742 2446 huic
758 2386 878 2464 querela
893 2389 1040 2447 convenit.

642 2538 830 2598 FABVLA
851 2539 919 2598 VH.

542 2635 783 2688 PRINGEPS
809 2637 1015 2692 mmcmv.

342 2722 398 2784 Vbi
412 2741 504 2784 vanus
519 2725 634 2784 animus
649 2742 721 2784 aura
735 2730 838 2801 captus
852 2721 956 2783 frivola

301 2808 439 2886 Adripuit
453 2807 629 2868 insolentem
643 2807 700 2868 sibi
717 2807 864 2876 fiduciam,

301 2891 401 2952 Facile
416 2891 453 2951 ad
467 2892 598 2952 derisum
612 2891 700 2951 stulta
715 2891 820 2952 levitas
837 2890 963 2953 ducitur.

343 2975 487 3054 Princeps
502 2974 614 3035 tibicen
629 2976 727 3035 notior
740 2973 840 3054 paullo
854 2975 919 3045 luit,

301 3059 428 3138 Operam
443 3059 575 3139 bathyllo
590 3059 694 3120 solitus
707 3061 740 3118 in
755 3077 843 3118 scena
858 3059 939 3120 dare.

302 3141 329 3202 ls
343 3144 419 3203 sorte
434 3143 512 3203 ludis
529 3140 597 3220 (non
612 3146 683 3204 satis
698 3145 820 3203 memini
834 3141 952 3222 quibus)

301 3224 377 3286 Dum
391 3244 497 3305 pegma
510 3229 642 3306 rapitur,
659 3228 789 3288 concidit
804 3245 873 3288 casu
887 3226 970 3304 gravi

301 3309 363 3371 Nee
378 3313 516 3389 opinans,
532 3319 563 3372 et
577 3313 730 3372 sinistram
743 3313 836 3388 iregit
849 3311 964 3380 tibiam,

300 3392 380 3454 Duas
394 3413 461 3454 oum
476 3395 593 3456 dextras
608 3396 760 3456 maluisset
774 3395 911 3476 perdere.

301 3475 384 3538 lnter
397 3497 502 3539 manus
517 3479 649 3540 sublatus
664 3489 694 3540 et
708 3478 832 3540 multum
847 3496 968 3556 gemens
1222 3483 1258 3537 10

300 3558 425 3622 Domum
440 3564 580 3624 refertur.
610 3564 728 3642 Aliquot
741 3581 860 3625 menses
874 3568 1038 3632 transcunt,

301 3645 346 3706 Ad
360 3649 516 3708 sanitatem
532 3648 601 3710 dum
616 3650 697 3708 venit
712 3649 837 3709 curatio.
