<?xml version="1.0" encoding="UTF-8"?>
<!DOCTYPE html PUBLIC "-//W3C//DTD XHTML 1.0 Transitional//EN"
    "http://www.w3.org/TR/xhtml1/DTD/xhtml1-transitional.dtd">
<html xmlns="http://www.w3.org/1999/xhtml" xml:lang="en" lang="en">
 <head>
  <title>
</title>
<meta http-equiv="Content-Type" content="text/html;charset=utf-8" />
  <meta name='ocr-system' content='tesseract 3.04.00' />
  <meta name='ocr-capabilities' content='ocr_page ocr_carea ocr_par ocr_line ocrx_word'/>
</head>
<body>
  <div class='ocr_page' id='page_1' title='image "./phaedriaugustil06phaegoog_0061.png"; bbox 0 0 2975 4234; ppageno 0'>
   <div class='ocr_carea' id='block_1_1' title="bbox 675 414 849 472">
    <p class='ocr_par' dir='ltr' id='par_1_1' title="bbox 675 414 849 472">
     <span class='ocr_line' id='line_1_1' title="bbox 675 414 849 472; baseline 0.011 -2"><span class='ocrx_word' id='word_1_1' title='bbox 675 415 781 470; x_wconf 82' lang='lat' dir='ltr'>LIBER</span> <span class='ocrx_word' id='word_1_2' title='bbox 801 414 849 472; x_wconf 80' lang='lat' dir='ltr'><strong>iv.</strong></span> 
     </span>
    </p>
   </div>
   <div class='ocr_carea' id='block_1_2' title="bbox 614 605 906 667">
    <p class='ocr_par' dir='ltr' id='par_1_2' title="bbox 614 605 906 667">
     <span class='ocr_line' id='line_1_2' title="bbox 614 605 906 667; baseline -0.003 0"><span class='ocrx_word' id='word_1_3' title='bbox 614 607 777 667; x_wconf 81' lang='lat' dir='ltr'>FABVLA</span> <span class='ocrx_word' id='word_1_4' title='bbox 798 605 906 666; x_wconf 84' lang='lat' dir='ltr'>XXIV.</span> 
     </span>
    </p>
   </div>
   <div class='ocr_carea' id='block_1_3' title="bbox 510 711 1009 767">
    <p class='ocr_par' dir='ltr' id='par_1_3' title="bbox 510 711 1009 767">
     <span class='ocr_line' id='line_1_3' title="bbox 510 711 1009 767; baseline 0.004 -3"><span class='ocrx_word' id='word_1_5' title='bbox 510 713 729 765; x_wconf 70' lang='lat' dir='ltr'><strong>nolemus</strong></span> <span class='ocrx_word' id='word_1_6' title='bbox 753 711 1009 767; x_wconf 71' lang='lat' dir='ltr'><strong>E&#39;I&#39;MVSGA.</strong></span> 
     </span>
    </p>
   </div>
   <div class='ocr_carea' id='block_1_4' title="bbox 283 803 1106 1066">
    <p class='ocr_par' dir='ltr' id='par_1_4' title="bbox 283 803 1106 1066">
     <span class='ocr_line' id='line_1_4' title="bbox 306 803 1106 898; baseline -0.005 -17"><span class='ocrx_word' id='word_1_7' title='bbox 306 803 406 884; x_wconf 89' lang='lat' dir='ltr'><strong>[Nihil</strong></span> <span class='ocrx_word' id='word_1_8' title='bbox 420 833 508 895; x_wconf 79' lang='lat' dir='ltr'>agere</span> <span class='ocrx_word' id='word_1_9' title='bbox 523 815 603 896; x_wconf 86' lang='lat' dir='ltr'><strong>quod</strong></span> <span class='ocrx_word' id='word_1_10' title='bbox 618 833 677 877; x_wconf 91' lang='lat' dir='ltr'><strong>non</strong></span> <span class='ocrx_word' id='word_1_11' title='bbox 691 817 803 896; x_wconf 85' lang='lat' dir='ltr'><strong>prosit,</strong></span> <span class='ocrx_word' id='word_1_12' title='bbox 818 814 926 878; x_wconf 86' lang='lat' dir='ltr'><strong>labella</strong></span> <span class='ocrx_word' id='word_1_13' title='bbox 941 815 1106 898; x_wconf 82' lang='lat' dir='ltr'><strong>admonet]</strong></span> 
     </span>
     <span class='ocr_line' id='line_1_5' title="bbox 324 899 990 971; baseline -0.003 -9"><span class='ocrx_word' id='word_1_14' title='bbox 324 901 462 962; x_wconf 76' lang='lat' dir='ltr'><strong>Formica</strong></span> <span class='ocrx_word' id='word_1_15' title='bbox 477 908 508 961; x_wconf 88' lang='lat' dir='ltr'>et</span> <span class='ocrx_word' id='word_1_16' title='bbox 521 917 623 961; x_wconf 85' lang='lat' dir='ltr'><strong>musca</strong></span> <span class='ocrx_word' id='word_1_17' title='bbox 637 899 856 962; x_wconf 80' lang='lat' dir='ltr'>contendebant</span> <span class='ocrx_word' id='word_1_18' title='bbox 870 902 990 971; x_wconf 85' lang='lat' dir='ltr'><strong>acriter,</strong></span> 
     </span>
     <span class='ocr_line' id='line_1_6' title="bbox 283 983 985 1066; baseline 0 -20"><span class='ocrx_word' id='word_1_19' title='bbox 283 984 363 1057; x_wconf 80' lang='lat' dir='ltr'><strong>Quae</strong></span> <span class='ocrx_word' id='word_1_20' title='bbox 376 984 473 1066; x_wconf 80' lang='lat' dir='ltr'><strong>pluris</strong></span> <span class='ocrx_word' id='word_1_21' title='bbox 486 991 574 1045; x_wconf 83' lang='lat' dir='ltr'><strong>esset.</strong></span> <span class='ocrx_word' id='word_1_22' title='bbox 603 983 703 1045; x_wconf 79' lang='lat' dir='ltr'><strong>Musca</strong></span> <span class='ocrx_word' id='word_1_23' title='bbox 717 986 762 1044; x_wconf 87' lang='lat' dir='ltr'><strong>sie</strong></span> <span class='ocrx_word' id='word_1_24' title='bbox 776 987 873 1064; x_wconf 88' lang='lat' dir='ltr'><strong>coepit</strong></span> <span class='ocrx_word' id='word_1_25' title='bbox 886 987 985 1064; x_wconf 86' lang='lat' dir='ltr'><strong>prior:</strong></span> 
     </span>
    </p>
   </div>
   <div class='ocr_carea' id='block_1_5' title="bbox 261 1067 1058 2911">
    <p class='ocr_par' dir='ltr' id='par_1_5' title="bbox 261 1067 1058 2659">
     <span class='ocr_line' id='line_1_7' title="bbox 285 1067 912 1148; baseline -0.003 -16"><span class='ocrx_word' id='word_1_26' title='bbox 285 1069 426 1132; x_wconf 83' lang='lat' dir='ltr'><strong>Conferre</strong></span> <span class='ocrx_word' id='word_1_27' title='bbox 442 1071 553 1130; x_wconf 87' lang='lat' dir='ltr'><strong>nostris</strong></span> <span class='ocrx_word' id='word_1_28' title='bbox 566 1077 599 1129; x_wconf 95' lang='lat' dir='ltr'><strong>tu</strong></span> <span class='ocrx_word' id='word_1_29' title='bbox 613 1077 698 1148; x_wconf 89' lang='lat' dir='ltr'><strong>potes</strong></span> <span class='ocrx_word' id='word_1_30' title='bbox 712 1075 742 1129; x_wconf 82' lang='lat' dir='ltr'>te</span> <span class='ocrx_word' id='word_1_31' title='bbox 756 1067 912 1130; x_wconf 84' lang='lat' dir='ltr'><strong>laudibusl</strong></span> 
     </span>
     <span class='ocr_line' id='line_1_8' title="bbox 261 1152 901 1231; baseline -0.002 -17"><span class='ocrx_word' id='word_1_32' title='bbox 261 1171 269 1193; x_wconf 72' lang='lat'>⁸</span> <span class='ocrx_word' id='word_1_33' title='bbox 283 1152 339 1214; x_wconf 88' lang='lat' dir='ltr'><strong>Vbi</strong></span> <span class='ocrx_word' id='word_1_34' title='bbox 354 1153 526 1223; x_wconf 85' lang='lat' dir='ltr'><strong>inmolatur,</strong></span> <span class='ocrx_word' id='word_1_35' title='bbox 542 1159 610 1213; x_wconf 79' lang='lat' dir='ltr'>exta</span> <span class='ocrx_word' id='word_1_36' title='bbox 624 1160 783 1231; x_wconf 79' lang='lat' dir='ltr'><strong>praegusto</strong></span> <span class='ocrx_word' id='word_1_37' title='bbox 798 1154 901 1224; x_wconf 89' lang='lat' dir='ltr'><strong>deum;</strong></span> 
     </span>
     <span class='ocr_line' id='line_1_9' title="bbox 282 1235 977 1316; baseline 0.001 -19"><span class='ocrx_word' id='word_1_38' title='bbox 282 1237 382 1298; x_wconf 87' lang='lat' dir='ltr'><strong>bioror</strong></span> <span class='ocrx_word' id='word_1_39' title='bbox 396 1239 476 1298; x_wconf 88' lang='lat' dir='ltr'><strong>inter</strong></span> <span class='ocrx_word' id='word_1_40' title='bbox 491 1253 570 1306; x_wconf 90' lang='lat' dir='ltr'><strong>aras,</strong></span> <span class='ocrx_word' id='word_1_41' title='bbox 585 1235 693 1316; x_wconf 84' lang='lat' dir='ltr'><strong>templa</strong></span> <span class='ocrx_word' id='word_1_42' title='bbox 707 1237 856 1316; x_wconf 88' lang='lat' dir='ltr'><strong>perlustro</strong></span> <span class='ocrx_word' id='word_1_43' title='bbox 871 1239 977 1299; x_wconf 89' lang='lat' dir='ltr'><strong>omnia.</strong></span> 
     </span>
     <span class='ocr_line' id='line_1_10' title="bbox 282 1320 993 1401; baseline 0.001 -20"><span class='ocrx_word' id='word_1_44' title='bbox 282 1320 316 1381; x_wconf 89' lang='lat' dir='ltr'><strong>ln</strong></span> <span class='ocrx_word' id='word_1_45' title='bbox 331 1321 428 1401; x_wconf 83' lang='lat' dir='ltr'><strong>capite</strong></span> <span class='ocrx_word' id='word_1_46' title='bbox 442 1323 522 1399; x_wconf 79' lang='lat' dir='ltr'><strong>regis</strong></span> <span class='ocrx_word' id='word_1_47' title='bbox 535 1321 640 1390; x_wconf 81' lang='lat' dir='ltr'><strong>sedeo,</strong></span> <span class='ocrx_word' id='word_1_48' title='bbox 657 1338 725 1382; x_wconf 90' lang='lat' dir='ltr'><strong>cnm</strong></span> <span class='ocrx_word' id='word_1_49' title='bbox 738 1323 836 1384; x_wconf 83' lang='lat' dir='ltr'><strong>risum</strong></span> <span class='ocrx_word' id='word_1_50' title='bbox 851 1329 897 1382; x_wconf 90' lang='lat' dir='ltr'><strong>est</strong></span> <span class='ocrx_word' id='word_1_51' title='bbox 909 1322 993 1393; x_wconf 90' lang='lat' dir='ltr'><strong>mihi,</strong></span> 
     </span>
     <span class='ocr_line' id='line_1_11' title="bbox 282 1404 868 1467; baseline 0.003 -2"><span class='ocrx_word' id='word_1_52' title='bbox 282 1405 320 1466; x_wconf 79' lang='lat' dir='ltr'><strong>Et</strong></span> <span class='ocrx_word' id='word_1_53' title='bbox 334 1412 535 1466; x_wconf 87' lang='lat' dir='ltr'><strong>matronarum</strong></span> <span class='ocrx_word' id='word_1_54' title='bbox 550 1412 629 1466; x_wconf 81' lang='lat' dir='ltr'><strong>caste</strong></span> <span class='ocrx_word' id='word_1_55' title='bbox 644 1404 743 1466; x_wconf 89' lang='lat' dir='ltr'><strong>delibo</strong></span> <span class='ocrx_word' id='word_1_56' title='bbox 759 1406 868 1467; x_wconf 89' lang='lat' dir='ltr'><strong>oscula.</strong></span> 
     </span>
     <span class='ocr_line' id='line_1_12' title="bbox 282 1487 955 1568; baseline 0 -17"><span class='ocrx_word' id='word_1_57' title='bbox 282 1487 399 1551; x_wconf 80' lang='lat' dir='ltr'><strong>Laboro</strong></span> <span class='ocrx_word' id='word_1_58' title='bbox 413 1488 504 1560; x_wconf 82' lang='lat' dir='ltr'><strong>nihil,</strong></span> <span class='ocrx_word' id='word_1_59' title='bbox 520 1496 607 1568; x_wconf 83' lang='lat' dir='ltr'><strong>atque</strong></span> <span class='ocrx_word' id='word_1_60' title='bbox 622 1491 743 1567; x_wconf 84' lang='lat' dir='ltr'><strong>optimis</strong></span> <span class='ocrx_word' id='word_1_61' title='bbox 757 1489 849 1550; x_wconf 87' lang='lat' dir='ltr'><strong>rebus</strong></span> <span class='ocrx_word' id='word_1_62' title='bbox 862 1491 955 1551; x_wconf 80' lang='lat' dir='ltr'><strong>fruor.</strong></span> 
     </span>
     <span class='ocr_line' id='line_1_13' title="bbox 282 1570 985 1650; baseline 0.001 -16"><span class='ocrx_word' id='word_1_63' title='bbox 282 1570 360 1643; x_wconf 83' lang='lat' dir='ltr'><strong>Quid</strong></span> <span class='ocrx_word' id='word_1_64' title='bbox 374 1573 482 1634; x_wconf 87' lang='lat' dir='ltr'><strong>borum</strong></span> <span class='ocrx_word' id='word_1_65' title='bbox 495 1572 590 1633; x_wconf 85' lang='lat' dir='ltr'><strong>simile</strong></span> <span class='ocrx_word' id='word_1_66' title='bbox 605 1572 662 1633; x_wconf 91' lang='lat' dir='ltr'><strong>tibi</strong></span> <span class='ocrx_word' id='word_1_67' title='bbox 677 1573 838 1650; x_wconf 81' lang='lat' dir='ltr'><strong>contingit,</strong></span> <span class='ocrx_word' id='word_1_68' title='bbox 854 1573 985 1635; x_wconf 68' lang='lat' dir='ltr'><strong>rustica?</strong></span> 
     </span>
     <span class='ocr_line' id='line_1_14' title="bbox 282 1656 861 1735; baseline 0.003 -19"><span class='ocrx_word' id='word_1_69' title='bbox 282 1656 336 1717; x_wconf 84' lang='lat' dir='ltr'><strong>Est</strong></span> <span class='ocrx_word' id='word_1_70' title='bbox 350 1657 497 1735; x_wconf 77' lang='lat' dir='ltr'><strong>gloriosus</strong></span> <span class='ocrx_word' id='word_1_71' title='bbox 512 1675 581 1717; x_wconf 86' lang='lat' dir='ltr'><strong>sane</strong></span> <span class='ocrx_word' id='word_1_72' title='bbox 597 1658 749 1716; x_wconf 86' lang='lat' dir='ltr'><strong>convictus</strong></span> <span class='ocrx_word' id='word_1_73' title='bbox 764 1657 861 1727; x_wconf 89' lang='lat' dir='ltr'><strong>deum,</strong></span> 
     </span>
     <span class='ocr_line' id='line_1_15' title="bbox 284 1740 991 1821; baseline 0.004 -20"><span class='ocrx_word' id='word_1_74' title='bbox 284 1740 342 1801; x_wconf 87' lang='lat' dir='ltr'><strong>Sed</strong></span> <span class='ocrx_word' id='word_1_75' title='bbox 357 1741 415 1811; x_wconf 95' lang='lat' dir='ltr'><strong>illi,</strong></span> <span class='ocrx_word' id='word_1_76' title='bbox 431 1743 483 1821; x_wconf 92' lang='lat' dir='ltr'><strong>qui</strong></span> <span class='ocrx_word' id='word_1_77' title='bbox 497 1742 652 1810; x_wconf 82' lang='lat' dir='ltr'><strong>invitatur,</strong></span> <span class='ocrx_word' id='word_1_78' title='bbox 667 1758 727 1801; x_wconf 93' lang='lat' dir='ltr'><strong>non</strong></span> <span class='ocrx_word' id='word_1_79' title='bbox 741 1743 793 1820; x_wconf 89' lang='lat' dir='ltr'><strong>qui</strong></span> <span class='ocrx_word' id='word_1_80' title='bbox 807 1743 921 1803; x_wconf 88' lang='lat' dir='ltr'><strong>invisus</strong></span> <span class='ocrx_word' id='word_1_81' title='bbox 935 1749 991 1804; x_wconf 83' lang='lat' dir='ltr'><strong>est</strong></span> 
     </span>
     <span class='ocr_line' id='line_1_16' title="bbox 282 1823 1055 1906; baseline 0.003 -21"><span class='ocrx_word' id='word_1_82' title='bbox 282 1826 356 1903; x_wconf 77' lang='lat' dir='ltr'><strong>Aras</strong></span> <span class='ocrx_word' id='word_1_83' title='bbox 369 1826 555 1905; x_wconf 80' lang='lat' dir='ltr'>frequentas:</span> <span class='ocrx_word' id='word_1_84' title='bbox 577 1842 684 1904; x_wconf 84' lang='lat' dir='ltr'><strong>nempe</strong></span> <span class='ocrx_word' id='word_1_85' title='bbox 698 1823 842 1902; x_wconf 82' lang='lat' dir='ltr'><strong>abigeris,</strong></span> <span class='ocrx_word' id='word_1_86' title='bbox 858 1845 947 1906; x_wconf 91' lang='lat' dir='ltr'><strong>quom</strong></span> <span class='ocrx_word' id='word_1_87' title='bbox 961 1828 1055 1888; x_wconf 84' lang='lat' dir='ltr'><strong>venis.</strong></span> 
     </span>
     <span class='ocr_line' id='line_1_17' title="bbox 282 1908 986 1987; baseline 0.001 -17"><span class='ocrx_word' id='word_1_88' title='bbox 282 1908 379 1987; x_wconf 80' lang='lat' dir='ltr'>Reges</span> <span class='ocrx_word' id='word_1_89' title='bbox 392 1925 596 1970; x_wconf 85' lang='lat' dir='ltr'><strong>conmemoras</strong></span> <span class='ocrx_word' id='word_1_90' title='bbox 610 1916 641 1969; x_wconf 89' lang='lat' dir='ltr'>et</span> <span class='ocrx_word' id='word_1_91' title='bbox 654 1916 855 1970; x_wconf 88' lang='lat' dir='ltr'><strong>matronarum</strong></span> <span class='ocrx_word' id='word_1_92' title='bbox 869 1910 986 1980; x_wconf 89' lang='lat' dir='ltr'><strong>oscula;</strong></span> 
     </span>
     <span class='ocr_line' id='line_1_18' title="bbox 283 1992 1041 2074; baseline 0 -20"><span class='ocrx_word' id='word_1_93' title='bbox 283 1992 380 2072; x_wconf 87' lang='lat' dir='ltr'>Super</span> <span class='ocrx_word' id='word_1_94' title='bbox 395 1995 484 2054; x_wconf 85' lang='lat' dir='ltr'><strong>etiarn</strong></span> <span class='ocrx_word' id='word_1_95' title='bbox 499 1995 606 2062; x_wconf 86' lang='lat' dir='ltr'><strong>iactas,</strong></span> <span class='ocrx_word' id='word_1_96' title='bbox 622 2000 724 2070; x_wconf 80' lang='lat' dir='ltr'>tegere</span> <span class='ocrx_word' id='word_1_97' title='bbox 738 1993 818 2073; x_wconf 91' lang='lat' dir='ltr'><strong>quod</strong></span> <span class='ocrx_word' id='word_1_98' title='bbox 832 1993 922 2054; x_wconf 90' lang='lat' dir='ltr'>debet</span> <span class='ocrx_word' id='word_1_99' title='bbox 934 1994 1041 2074; x_wconf 89' lang='lat' dir='ltr'><strong>pudor.</strong></span> 
     </span>
     <span class='ocr_line' id='line_1_19' title="bbox 283 2075 1021 2156; baseline 0 -18"><span class='ocrx_word' id='word_1_100' title='bbox 283 2075 365 2138; x_wconf 84' lang='lat' dir='ltr'><strong>Nihil</strong></span> <span class='ocrx_word' id='word_1_101' title='bbox 380 2076 511 2138; x_wconf 86' lang='lat' dir='ltr'><strong>laboras:</strong></span> <span class='ocrx_word' id='word_1_102' title='bbox 533 2076 600 2137; x_wconf 91' lang='lat' dir='ltr'><strong>ideo</strong></span> <span class='ocrx_word' id='word_1_103' title='bbox 615 2094 684 2136; x_wconf 90' lang='lat' dir='ltr'><strong>cum</strong></span> <span class='ocrx_word' id='word_1_104' title='bbox 699 2095 773 2156; x_wconf 89' lang='lat' dir='ltr'><strong>opus</strong></span> <span class='ocrx_word' id='word_1_105' title='bbox 787 2084 847 2147; x_wconf 88' lang='lat' dir='ltr'><strong>est,</strong></span> <span class='ocrx_word' id='word_1_106' title='bbox 861 2078 905 2138; x_wconf 92' lang='lat' dir='ltr'><strong>nil</strong></span> <span class='ocrx_word' id='word_1_107' title='bbox 919 2077 1021 2138; x_wconf 89' lang='lat' dir='ltr'><strong>babes.</strong></span> 
     </span>
     <span class='ocr_line' id='line_1_20' title="bbox 283 2159 1058 2240; baseline 0.001 -19"><span class='ocrx_word' id='word_1_108' title='bbox 283 2159 346 2238; x_wconf 77' lang='lat' dir='ltr'><strong>Ego</strong></span> <span class='ocrx_word' id='word_1_109' title='bbox 360 2178 485 2238; x_wconf 83' lang='lat' dir='ltr'><strong>granum</strong></span> <span class='ocrx_word' id='word_1_110' title='bbox 499 2162 532 2221; x_wconf 90' lang='lat' dir='ltr'><strong>in</strong></span> <span class='ocrx_word' id='word_1_111' title='bbox 546 2161 676 2222; x_wconf 86' lang='lat' dir='ltr'>hiemem</span> <span class='ocrx_word' id='word_1_112' title='bbox 691 2179 759 2221; x_wconf 80' lang='lat' dir='ltr'><strong>cunr</strong></span> <span class='ocrx_word' id='word_1_113' title='bbox 773 2161 905 2222; x_wconf 86' lang='lat' dir='ltr'><strong>studiose</strong></span> <span class='ocrx_word' id='word_1_114' title='bbox 919 2179 1058 2240; x_wconf 75' lang='lat' dir='ltr'><strong>congero,</strong></span> 
     </span>
     <span class='ocr_line' id='line_1_21' title="bbox 283 2242 906 2324; baseline 0.005 -21"><span class='ocrx_word' id='word_1_115' title='bbox 283 2242 325 2304; x_wconf 83' lang='lat' dir='ltr'>Te</span> <span class='ocrx_word' id='word_1_116' title='bbox 341 2247 421 2305; x_wconf 80' lang='lat' dir='ltr'><strong>circa</strong></span> <span class='ocrx_word' id='word_1_117' title='bbox 434 2263 552 2306; x_wconf 89' lang='lat' dir='ltr'><strong>murum</strong></span> <span class='ocrx_word' id='word_1_118' title='bbox 567 2246 649 2324; x_wconf 90' lang='lat' dir='ltr'><strong>pasci</strong></span> <span class='ocrx_word' id='word_1_119' title='bbox 664 2244 750 2305; x_wconf 85' lang='lat' dir='ltr'><strong>rideo</strong></span> <span class='ocrx_word' id='word_1_120' title='bbox 764 2252 906 2307; x_wconf 84' lang='lat' dir='ltr'><strong>stercore.</strong></span> 
     </span>
     <span class='ocr_line' id='line_1_22' title="bbox 284 2328 990 2399; baseline 0.004 -11"><span class='ocrx_word' id='word_1_121' title='bbox 284 2329 402 2389; x_wconf 80' lang='lat' dir='ltr'>Aestate</span> <span class='ocrx_word' id='word_1_122' title='bbox 417 2347 465 2388; x_wconf 88' lang='lat' dir='ltr'>me</span> <span class='ocrx_word' id='word_1_123' title='bbox 479 2328 614 2398; x_wconf 88' lang='lat' dir='ltr'><strong>lacessis;</strong></span> <span class='ocrx_word' id='word_1_124' title='bbox 630 2346 698 2389; x_wconf 87' lang='lat' dir='ltr'><strong>cum</strong></span> <span class='ocrx_word' id='word_1_125' title='bbox 713 2328 819 2390; x_wconf 89' lang='lat' dir='ltr'><strong>bruma</strong></span> <span class='ocrx_word' id='word_1_126' title='bbox 833 2338 894 2399; x_wconf 90' lang='lat' dir='ltr'><strong>est,</strong></span> <span class='ocrx_word' id='word_1_127' title='bbox 910 2330 990 2391; x_wconf 84' lang='lat' dir='ltr'><strong>siles.</strong></span> 
     </span>
     <span class='ocr_line' id='line_1_23' title="bbox 282 2410 938 2491; baseline 0.003 -19"><span class='ocrx_word' id='word_1_128' title='bbox 282 2410 358 2473; x_wconf 86' lang='lat' dir='ltr'><strong>llori</strong></span> <span class='ocrx_word' id='word_1_129' title='bbox 372 2420 554 2473; x_wconf 88' lang='lat' dir='ltr'><strong>contractam</strong></span> <span class='ocrx_word' id='word_1_130' title='bbox 568 2430 636 2474; x_wconf 89' lang='lat' dir='ltr'><strong>cum</strong></span> <span class='ocrx_word' id='word_1_131' title='bbox 649 2420 680 2474; x_wconf 81' lang='lat' dir='ltr'>te</span> <span class='ocrx_word' id='word_1_132' title='bbox 695 2421 805 2491; x_wconf 82' lang='lat' dir='ltr'><strong>cogrmt</strong></span> <span class='ocrx_word' id='word_1_133' title='bbox 817 2414 938 2491; x_wconf 80' lang='lat' dir='ltr'><strong>frigora,</strong></span> 
     </span>
     <span class='ocr_line' id='line_1_24' title="bbox 282 2494 906 2575; baseline 0 -17"><span class='ocrx_word' id='word_1_134' title='bbox 282 2494 328 2558; x_wconf 80' lang='lat' dir='ltr'><strong>lte</strong></span> <span class='ocrx_word' id='word_1_135' title='bbox 343 2498 462 2575; x_wconf 85' lang='lat' dir='ltr'><strong>copiosa</strong></span> <span class='ocrx_word' id='word_1_136' title='bbox 476 2498 585 2575; x_wconf 85' lang='lat' dir='ltr'><strong>recipit</strong></span> <span class='ocrx_word' id='word_1_137' title='bbox 598 2497 777 2558; x_wconf 89' lang='lat' dir='ltr'><strong>incolumem</strong></span> <span class='ocrx_word' id='word_1_138' title='bbox 791 2497 906 2558; x_wconf 88' lang='lat' dir='ltr'><strong>domus.</strong></span> 
     </span>
     <span class='ocr_line' id='line_1_25' title="bbox 283 2579 829 2659; baseline 0.004 -20"><span class='ocrx_word' id='word_1_139' title='bbox 283 2579 362 2641; x_wconf 87' lang='lat' dir='ltr'><strong>Satis</strong></span> <span class='ocrx_word' id='word_1_140' title='bbox 376 2581 509 2659; x_wconf 85' lang='lat' dir='ltr'><strong>proiecto</strong></span> <span class='ocrx_word' id='word_1_141' title='bbox 524 2580 635 2640; x_wconf 89' lang='lat' dir='ltr'><strong>rettudi</strong></span> <span class='ocrx_word' id='word_1_142' title='bbox 650 2580 829 2659; x_wconf 85' lang='lat' dir='ltr'><strong>snperbiam.</strong></span> 
     </span>
    </p>

    <p class='ocr_par' dir='ltr' id='par_1_6' title="bbox 282 2663 959 2911">
     <span class='ocr_line' id='line_1_26' title="bbox 324 2663 947 2726; baseline 0.003 -2"><span class='ocrx_word' id='word_1_143' title='bbox 324 2663 445 2725; x_wconf 79' lang='lat' dir='ltr'>Fabella</span> <span class='ocrx_word' id='word_1_144' title='bbox 459 2663 526 2724; x_wconf 82' lang='lat' dir='ltr'><strong>talis</strong></span> <span class='ocrx_word' id='word_1_145' title='bbox 541 2664 692 2724; x_wconf 88' lang='lat' dir='ltr'><strong>hominum</strong></span> <span class='ocrx_word' id='word_1_146' title='bbox 706 2664 850 2725; x_wconf 88' lang='lat' dir='ltr'><strong>discernit</strong></span> <span class='ocrx_word' id='word_1_147' title='bbox 862 2673 947 2726; x_wconf 65' lang='lat' dir='ltr'><strong>notu</strong></span> 
     </span>
     <span class='ocr_line' id='line_1_27' title="bbox 282 2745 904 2827; baseline 0 -19"><span class='ocrx_word' id='word_1_148' title='bbox 282 2745 407 2817; x_wconf 87' lang='lat' dir='ltr'><strong>Eorum,</strong></span> <span class='ocrx_word' id='word_1_149' title='bbox 423 2750 475 2827; x_wconf 90' lang='lat' dir='ltr'><strong>qui</strong></span> <span class='ocrx_word' id='word_1_150' title='bbox 490 2766 522 2808; x_wconf 82' lang='lat' dir='ltr'><strong>ee</strong></span> <span class='ocrx_word' id='word_1_151' title='bbox 537 2748 621 2808; x_wconf 84' lang='lat' dir='ltr'><strong>falsis</strong></span> <span class='ocrx_word' id='word_1_152' title='bbox 635 2754 741 2808; x_wconf 90' lang='lat' dir='ltr'><strong>ornant</strong></span> <span class='ocrx_word' id='word_1_153' title='bbox 755 2748 904 2817; x_wconf 89' lang='lat' dir='ltr'><strong>laudibus,</strong></span> 
     </span>
     <span class='ocr_line' id='line_1_28' title="bbox 283 2829 959 2911; baseline 0.001 -20"><span class='ocrx_word' id='word_1_154' title='bbox 283 2829 320 2892; x_wconf 84' lang='lat' dir='ltr'><strong>Et</strong></span> <span class='ocrx_word' id='word_1_155' title='bbox 333 2849 460 2911; x_wconf 88' lang='lat' dir='ltr'><strong>quorum</strong></span> <span class='ocrx_word' id='word_1_156' title='bbox 474 2833 569 2892; x_wconf 81' lang='lat' dir='ltr'><strong>virtus</strong></span> <span class='ocrx_word' id='word_1_157' title='bbox 583 2829 705 2891; x_wconf 82' lang='lat' dir='ltr'>exhibet</span> <span class='ocrx_word' id='word_1_158' title='bbox 719 2831 846 2893; x_wconf 86' lang='lat' dir='ltr'><strong>solidum</strong></span> <span class='ocrx_word' id='word_1_159' title='bbox 861 2833 959 2893; x_wconf 86' lang='lat' dir='ltr'><strong>decus.</strong></span> 
     </span>
    </p>
   </div>
   <div class='ocr_carea' id='block_1_6' title="bbox 611 2983 913 3134">
    <p class='ocr_par' dir='ltr' id='par_1_7' title="bbox 611 2983 913 3134">
     <span class='ocr_line' id='line_1_29' title="bbox 611 2983 913 3077; baseline 0.01 -35"><span class='ocrx_word' id='word_1_160' title='bbox 611 2983 800 3077; x_wconf 66' lang='lat' dir='ltr'><strong>naevus</strong></span> <span class='ocrx_word' id='word_1_161' title='bbox 821 2984 913 3045; x_wconf 81' lang='lat' dir='ltr'><strong>xxr.</strong></span> 
     </span>
     <span class='ocr_line' id='line_1_30' title="bbox 687 3081 838 3134; baseline 0.013 -2"><span class='ocrx_word' id='word_1_162' title='bbox 687 3081 838 3134; x_wconf 70' lang='lat' dir='ltr'><strong>POETA.</strong></span> 
     </span>
    </p>
   </div>
   <div class='ocr_carea' id='block_1_7' title="bbox 282 3164 1002 3752">
    <p class='ocr_par' dir='ltr' id='par_1_8' title="bbox 282 3164 1002 3412">
     <span class='ocr_line' id='line_1_31' title="bbox 325 3164 1002 3238; baseline 0.006 -13"><span class='ocrx_word' id='word_1_163' title='bbox 325 3164 471 3236; x_wconf 82' lang='lat' dir='ltr'><strong>Quantum</strong></span> <span class='ocrx_word' id='word_1_164' title='bbox 485 3166 618 3228; x_wconf 78' lang='lat' dir='ltr'><strong>valerent</strong></span> <span class='ocrx_word' id='word_1_165' title='bbox 631 3168 712 3227; x_wconf 90' lang='lat' dir='ltr'><strong>inter</strong></span> <span class='ocrx_word' id='word_1_166' title='bbox 725 3167 861 3229; x_wconf 87' lang='lat' dir='ltr'><strong>homines</strong></span> <span class='ocrx_word' id='word_1_167' title='bbox 874 3168 1002 3238; x_wconf 87' lang='lat' dir='ltr'><strong>litterae,</strong></span> 
     </span>
     <span class='ocr_line' id='line_1_32' title="bbox 282 3249 940 3329; baseline 0.002 -18"><span class='ocrx_word' id='word_1_168' title='bbox 282 3249 349 3311; x_wconf 84' lang='lat' dir='ltr'><strong>Dixi</strong></span> <span class='ocrx_word' id='word_1_169' title='bbox 365 3251 516 3329; x_wconf 85' lang='lat' dir='ltr'><strong>superius:</strong></span> <span class='ocrx_word' id='word_1_170' title='bbox 539 3257 665 3329; x_wconf 88' lang='lat' dir='ltr'><strong>quantus</strong></span> <span class='ocrx_word' id='word_1_171' title='bbox 679 3268 759 3311; x_wconf 91' lang='lat' dir='ltr'><strong>nunc</strong></span> <span class='ocrx_word' id='word_1_172' title='bbox 773 3251 833 3311; x_wconf 89' lang='lat' dir='ltr'><strong>illis</strong></span> <span class='ocrx_word' id='word_1_173' title='bbox 847 3251 940 3312; x_wconf 88' lang='lat' dir='ltr'><strong>honos</strong></span> 
     </span>
     <span class='ocr_line' id='line_1_33' title="bbox 282 3333 966 3412; baseline 0.001 -17"><span class='ocrx_word' id='word_1_174' title='bbox 282 3334 438 3412; x_wconf 78' lang='lat' dir='ltr'><strong>dsuperis</strong></span> <span class='ocrx_word' id='word_1_175' title='bbox 452 3335 492 3394; x_wconf 89' lang='lat' dir='ltr'><strong>sit</strong></span> <span class='ocrx_word' id='word_1_176' title='bbox 504 3333 649 3405; x_wconf 89' lang='lat' dir='ltr'><strong>tributus,</strong></span> <span class='ocrx_word' id='word_1_177' title='bbox 664 3334 781 3396; x_wconf 91' lang='lat' dir='ltr'><strong>tradam</strong></span> <span class='ocrx_word' id='word_1_178' title='bbox 795 3338 966 3396; x_wconf 87' lang='lat' dir='ltr'><strong>memoriae.</strong></span> 
     </span>
    </p>

    <p class='ocr_par' dir='ltr' id='par_1_9' title="bbox 283 3416 992 3752">
     <span class='ocr_line' id='line_1_34' title="bbox 325 3416 920 3498; baseline 0.002 -20"><span class='ocrx_word' id='word_1_179' title='bbox 325 3416 494 3478; x_wconf 87' lang='lat' dir='ltr'><strong>Simonides</strong></span> <span class='ocrx_word' id='word_1_180' title='bbox 507 3417 587 3478; x_wconf 89' lang='lat' dir='ltr'><strong>idem</strong></span> <span class='ocrx_word' id='word_1_181' title='bbox 601 3417 668 3490; x_wconf 86' lang='lat' dir='ltr'><strong>ille,</strong></span> <span class='ocrx_word' id='word_1_182' title='bbox 684 3419 720 3479; x_wconf 92' lang='lat' dir='ltr'><strong>de</strong></span> <span class='ocrx_word' id='word_1_183' title='bbox 735 3436 795 3498; x_wconf 88' lang='lat' dir='ltr'><strong>quo</strong></span> <span class='ocrx_word' id='word_1_184' title='bbox 809 3419 920 3488; x_wconf 89' lang='lat' dir='ltr'><strong>rettuli,</strong></span> 
     </span>
     <span class='ocr_line' id='line_1_35' title="bbox 283 3500 992 3582; baseline 0.004 -22"><span class='ocrx_word' id='word_1_185' title='bbox 283 3502 396 3562; x_wconf 85' lang='lat' dir='ltr'><strong>Victori</strong></span> <span class='ocrx_word' id='word_1_186' title='bbox 409 3500 527 3562; x_wconf 84' lang='lat' dir='ltr'><strong>laudem</strong></span> <span class='ocrx_word' id='word_1_187' title='bbox 541 3501 657 3563; x_wconf 90' lang='lat' dir='ltr'><strong>cuidam</strong></span> <span class='ocrx_word' id='word_1_188' title='bbox 670 3509 774 3582; x_wconf 78' lang='lat' dir='ltr'><strong>pyctae</strong></span> <span class='ocrx_word' id='word_1_189' title='bbox 788 3510 822 3563; x_wconf 92' lang='lat' dir='ltr'><strong>ut</strong></span> <span class='ocrx_word' id='word_1_190' title='bbox 836 3502 992 3573; x_wconf 88' lang='lat' dir='ltr'><strong>scriberet,</strong></span> 
     </span>
     <span class='ocr_line' id='line_1_36' title="bbox 283 3584 923 3666; baseline 0 -20"><span class='ocrx_word' id='word_1_191' title='bbox 283 3584 371 3646; x_wconf 87' lang='lat' dir='ltr'><strong>Certo</strong></span> <span class='ocrx_word' id='word_1_192' title='bbox 387 3585 549 3646; x_wconf 84' lang='lat' dir='ltr'><strong>conductus</strong></span> <span class='ocrx_word' id='word_1_193' title='bbox 563 3588 661 3665; x_wconf 87' lang='lat' dir='ltr'><strong>pretio</strong></span> <span class='ocrx_word' id='word_1_194' title='bbox 676 3594 824 3648; x_wconf 88' lang='lat' dir='ltr'><strong>secretum</strong></span> <span class='ocrx_word' id='word_1_195' title='bbox 837 3592 923 3666; x_wconf 80' lang='lat' dir='ltr'><strong>petit.</strong></span> 
     </span>
     <span class='ocr_line' id='line_1_37' title="bbox 283 3667 926 3752; baseline 0.002 -23"><span class='ocrx_word' id='word_1_196' title='bbox 283 3667 395 3747; x_wconf 77' lang='lat' dir='ltr'><strong>Exigua</strong></span> <span class='ocrx_word' id='word_1_197' title='bbox 410 3686 476 3730; x_wconf 90' lang='lat' dir='ltr'><strong>cum</strong></span> <span class='ocrx_word' id='word_1_198' title='bbox 491 3670 624 3731; x_wconf 82' lang='lat' dir='ltr'><strong>frenaret</strong></span> <span class='ocrx_word' id='word_1_199' title='bbox 637 3672 763 3731; x_wconf 88' lang='lat' dir='ltr'><strong>materia</strong></span> <span class='ocrx_word' id='word_1_200' title='bbox 776 3672 926 3752; x_wconf 76' lang='lat' dir='ltr'><strong>inpetum,</strong></span> 
     </span>
    </p>
   </div>
   <div class='ocr_carea' id='block_1_8' title="bbox 0 0 1492 4234">
    <p class='ocr_par' dir='ltr' id='par_1_10' title="bbox 0 0 1492 4234">
     <span class='ocr_line' id='line_1_38' title="bbox 0 0 1492 4234; baseline 0 0"><span class='ocrx_word' id='word_1_201' title='bbox 0 0 1492 4234; x_wconf 95' lang='lat' dir='ltr'><strong> </strong></span> 
     </span>
    </p>
   </div>
  </div>
 </body>
</html>
