2975 4234
276 379 297 447 6
554 390 714 447 PHAEDRI
734 389 956 448 nnumin

276 533 358 608 Quae
373 537 443 600 dum
458 546 598 620 parentes
612 541 708 601 exitus
722 547 808 600 notos
821 546 934 618 petunt,

277 621 385 684 Leonls
399 623 579 702 adlligrmtur
593 621 743 684 horrendo
758 625 871 702 inpetu.

276 705 332 777 Qui
347 715 502 788 postquam
517 706 606 770 caede
621 708 718 768 fessus
734 713 796 777 est,
813 709 929 768 asinum
943 717 1045 771 evocat

277 789 417 872 Iubetque
432 809 533 853 rocem
547 809 693 871 premere.
724 789 808 850 'l'unc
822 791 874 852 ille
890 792 1036 855 insolens:

276 875 375 947 Qualis
387 876 504 938 ridetur
518 893 608 956 opera
622 873 678 936 tibi
693 876 775 935 vocis
788 877 891 936 meaei

277 959 419 1040 lnslgnls,
435 961 547 1040 lnquit,
562 961 606 1020 sic
620 967 667 1028 ut,
682 960 741 1019 nisi
756 976 873 1020 nossem
887 966 971 1021 tuum

277 1046 412 1107 Animum
425 1061 592 1124 genusque,
608 1042 698 1103 simili
713 1043 858 1119 fugissem
872 1052 964 1105 metu.

612 1192 802 1253 FAB'VLA
822 1195 890 1254 XII.

526 1291 692 1343 OERVVS
708 1293 766 1342 AD
783 1292 969 1346 FON'I'EM.
1066 1314 1080 1395 ζ

315 1378 453 1444 Laudatis
467 1376 602 1447 utiliora,
617 1394 693 1456 quae
708 1381 931 1456 contempseris,

275 1465 368 1544 Saepe
381 1461 506 1524 inveniri
521 1459 595 1520 haec
610 1461 716 1522 asserit
730 1463 871 1522 narratio.

314 1548 357 1611 dd
371 1547 482 1609 iontem
496 1561 615 1628 cervus,
630 1563 701 1644 popm
712 1543 854 1635 bibisset,
869 1548 983 1609 restitit

273 1633 310 1696 Et
323 1636 355 1694 ln
369 1630 483 1710 liquore
497 1627 572 1689 vidit
586 1629 714 1706 elflgrem
728 1647 823 1691 suam.

272 1717 318 1781 lbi
332 1716 401 1778 dum
415 1729 530 1773 ramosa
544 1713 654 1774 noirans
668 1713 770 1774 laudat
783 1731 893 1775 cornua

272 1803 454 1875 Crurumque
469 1797 591 1856 nimiam
605 1801 782 1858 tenuitatem
796 1798 953 1877 vituperat,

272 1885 432 1946 Venantum
446 1878 545 1941 subito
559 1880 681 1941 vocibus
695 1883 875 1943 conterritus

270 1970 327 2033 Per
341 1981 475 2043 campum
490 1964 594 2042 lugere
609 1965 708 2044 coepit
722 1972 753 2024 et
766 1982 855 2026 cursu
868 1964 927 2026 leri

271 2054 362 2116 Canes
376 2047 474 2109 elusit.
504 2046 583 2108 Silva
597 2055 661 2108 turn
675 2050 793 2128 excepit
806 2050 913 2120 ierum,

270 2135 303 2200 ln
317 2151 374 2214 qua
388 2133 512 2192 retentis
527 2131 677 2210 inpeditus
691 2131 833 2193 cornibus

268 2217 405 2283 Lacerari
419 2217 518 2294 coepit
531 2214 680 2276 morsibus
695 2218 792 2277 saeris
807 2234 922 2279 canum.

268 2303 351 2365 Tunc
365 2300 496 2360 moriens
509 2317 611 2360 rocem
625 2299 701 2360 hanc
717 2300 846 2362 edidisse
861 2301 986 2363 dicitur:
1107 2351 1113 2365 .

268 2386 292 2449 0
307 2402 353 2446 me
368 2381 534 2444 infelicem!
554 2385 606 2462 qui
621 2400 700 2444 nunc
715 2383 833 2445 demum
847 2385 998 2465 intellego,

267 2467 356 2532 Utilia
370 2466 444 2527 milri
458 2484 546 2546 quam
560 2467 687 2537 fuerint,
703 2485 780 2548 quae
795 2467 997 2548 despexerem,

267 2552 311 2622 Et,
326 2567 402 2631 quae
416 2549 584 2623 laudaram,
599 2559 741 2631 quantum
755 2551 852 2613 luctus
866 2552 1036 2618 habuerint.

595 2701 790 2764 FABVLA
810 2705 893 2764 ΧΠΙ.

525 2798 692 2851 vvans
709 2801 765 2852 Eu
782 2801 957 2856 CORVVS.

305 2881 363 2954 Qui
377 2900 410 2945 se
424 2883 539 2946 laudari
554 2885 662 2962 gaudet
676 2885 777 2946 verbis
792 2887 933 2959 subdolis,

264 2967 337 3030 Sera
351 2966 402 3029 dat
415 2985 525 3047 poenas
540 2975 643 3048 turpes
657 2972 851 3048 poenitentia.

306 3051 379 3114 Cum
393 3052 429 3112 de
444 3053 573 3114 lenestra
589 3070 694 3114 corvus
709 3062 827 3134 raptum
841 3072 960 3118 caseum

263 3136 401 3199 Comesse
416 3136 517 3205 vellet,
533 3136 611 3198 celsa
626 3138 762 3200 residens
776 3137 892 3211 arbore,

262 3219 372 3299 Vulpes
386 3219 465 3280 hunc
479 3220 568 3291 vidit,
585 3221 692 3282 deinde
708 3224 752 3283 sic
766 3225 864 3304 coepit
879 3224 974 3303 loquis

263 3303 287 3365 0
303 3305 353 3383 qul
368 3312 500 3373 tuarum,
516 3321 617 3376 corve,
633 3324 797 3386 pennarum
813 3316 859 3368 est
872 3308 967 3369 nitor!

260 3384 410 3463 Quantum
424 3388 542 3450 decoris
558 3406 682 3468 corpore
697 3397 728 3452 et
742 3390 823 3451 vultu
837 3392 932 3468 geris!

263 3469 296 3532 Si
310 3489 411 3532 vocem
425 3472 566 3544 haberes,
582 3473 661 3534 nulla
675 3476 759 3553 prior
774 3475 835 3536 ales
848 3475 935 3538 locet

263 3555 299 3615 At
313 3553 364 3616 ille
379 3555 498 3627 stultus,
514 3556 584 3619 dum
597 3558 660 3619 vult
673 3576 775 3619 vocem
790 3559 957 3626 ostendere.

264 3637 370 3699 Emisit
383 3656 435 3700 ore
450 3657 582 3712 caseum,
598 3659 687 3720 quem
702 3642 843 3704 celeriter
