2975 4234
261 379 302 445 10
538 388 699 444 PHAEDRI
719 387 942 443 FABVLARVM

263 535 348 598 Nunc
364 537 432 615 quia
448 534 581 606 laboras,
596 544 630 598 ut
644 538 756 599 fruaris
770 537 915 616 reliquiis,

262 618 341 690 Quas
356 629 424 681 sunt
438 623 551 691 rosuri,
567 621 655 682 simul
670 629 700 681 et
714 623 795 700 ipsos
810 621 943 691 devores,

262 703 330 764 Noli
345 706 493 783 imputare
508 724 615 766 vanum
630 705 790 766 benficium
805 706 890 765 mihi.

262 788 357 868 Atque
372 789 414 849 ita
428 787 543 850 loeutus
558 789 715 869 inprobam
730 787 791 849 leto
805 789 897 850 dedit.

305 872 366 933 iios
381 874 413 933 in
428 891 460 933 se
476 873 587 933 dictum
603 873 713 934 debent
727 872 772 934 illi
787 890 957 950 agnoscere.

262 955 394 1026 Quorum
408 957 522 1036 privata
537 960 629 1018 servit
643 958 757 1018 utIlitas
771 957 830 1018 sibi

162 1078 166 1085 ·
263 1039 300 1100 Et
313 1042 454 1101 meritum
469 1042 557 1101 inane
571 1043 682 1102 iactant
696 1041 917 1120 imprudentius.

579 1193 772 1253 FABVLA
793 1193 904 1252 XXIII.

558 1291 701 1342 CANIS
723 1290 930 1345 mmmmm.

307 1376 439 1456 Repente
454 1375 587 1436 liberalis
603 1377 701 1436 stultis
716 1384 818 1454 gratus
833 1384 887 1445 est,

265 1462 375 1521 Verum
390 1461 498 1539 peritis
511 1462 617 1520 inritos
634 1460 729 1520 tendit
744 1460 836 1521 dolos.

308 1544 476 1605 Nocturnus
491 1562 558 1604 oum
573 1544 621 1604 iur
635 1562 742 1624 panem
758 1546 889 1605 misisset
904 1545 980 1613 cani,

266 1627 391 1690 Obiecto
405 1637 552 1707 temptans
567 1647 604 1688 an
619 1628 686 1689 cibo
701 1636 802 1708 posset
817 1631 897 1708 oapi:

266 1713 362 1782 Heus,
379 1714 491 1792 inquit,
507 1712 638 1790 linguam
652 1714 697 1774 vis
711 1731 807 1772 meam
822 1711 1024 1791 praecludere,

267 1795 311 1857 Ne
326 1797 431 1857 latrem
445 1814 500 1875 pro
515 1814 548 1855 re
565 1796 696 1856 dominii
725 1797 849 1857 Multum
863 1796 989 1857 falleris.

267 1878 400 1960 Namque
415 1882 473 1940 ista
488 1879 586 1940 subita
600 1898 648 1940 me
663 1879 747 1940 iubet
762 1879 931 1958 benignitas

269 1963 411 2042 vigilare,
426 1964 569 2025 faciasne
585 1982 651 2024 mea
666 1964 752 2044 culpa
766 1964 894 2025 lucrum.

583 2115 738 2175 FABVL
747 2116 776 2176 A
797 2117 905 2177 XXIV.

517 2212 638 2264 Remu
654 2215 799 2266 RVPuA
815 2216 870 2266 ΕΤ
887 2214 976 2267 BOS.

310 2298 414 2378 Inops,
430 2306 581 2378 potentem
597 2299 666 2359 dum
682 2299 743 2359 vuit
757 2300 877 2373 imitari,
901 2302 991 2380 perit.

268 2383 302 2444 In
318 2390 403 2462 prato
418 2382 564 2462 quondam
580 2400 651 2443 rana
667 2386 821 2463 conspexit
834 2382 940 2444 bovem

268 2467 306 2529 Et
320 2475 398 2527 taeta
412 2465 523 2527 invidia
537 2474 634 2527 tantae
649 2468 861 2545 magnitudinis

268 2549 417 2628 Rugosam
431 2549 544 2611 inflavit
558 2551 680 2630 pellem:
702 2559 766 2612 tum
781 2562 866 2612 natos
880 2569 950 2614 suos

269 2635 478 2712 Interrogavit,
496 2653 532 2695 an
548 2633 622 2695 bove
638 2643 718 2696 esset
732 2636 830 2696 latior.

268 2718 316 2779 Illi
330 2725 485 2796 negarunt.
515 2718 629 2780 Rursus
643 2721 772 2782 intendit
786 2731 885 2782 eutem

269 2802 380 2863 Maiore
394 2803 462 2862 nisu
477 2811 507 2862 et
521 2804 611 2863 simili
626 2807 774 2882 quaesivit
787 2805 884 2874 modo,

269 2885 342 2955 Quis
356 2887 450 2947 maior
465 2896 552 2946 esset.
582 2887 628 2947 Illi
645 2888 786 2948 dixerunt
799 2887 915 2949 bovem.

181 3016 184 3021 .
269 2969 435 3030 Novissime
450 2969 601 3048 indignata
616 2971 686 3032 dum
701 2972 764 3033 vuit
777 2972 903 3034 validius

268 3054 375 3114 Inflare
391 3072 470 3124 sese,
486 3063 575 3134 rupto
590 3057 683 3116 iacuit
697 3074 834 3137 corpore.

530 3239 532 3244 ·
595 3208 786 3268 FABVLA
807 3209 900 3268 XXV.

516 3305 653 3356 cANms
670 3307 725 3356 ΕΤ
743 3305 981 3358 coseconnn.

312 3386 441 3449 Consilia
456 3391 508 3468 qui
523 3390 594 3452 dant
608 3410 698 3470 prava
713 3395 809 3452 cautis
822 3391 1005 3464 hominibus

270 3470 308 3532 Et
322 3472 451 3551 perdunt
465 3491 586 3553 operam
600 3483 630 3534 et
644 3475 821 3536 deridentur
835 3477 975 3554 turpiter.

312 3557 406 3617 Canes
420 3554 577 3620 currentes
592 3556 696 3619 bibere
711 3562 742 3620 in
759 3559 825 3620 Nilo
839 3559 971 3632 flumine,

270 3640 295 3700 A
309 3640 467 3701 corcodilis
482 3661 520 3702 ne
534 3645 704 3722 rapiantur,
719 3644 863 3705 traditum
877 3653 931 3706 est
