2975 4234
652 404 845 461 APPENDIX.

267 554 409 618 Custodes
424 553 532 617 dantur
545 556 656 616 milites
671 555 847 616 cadaverum

267 639 488 701 Monumentum
502 641 598 710 iuxta,
614 625 725 702 mulier'
737 658 797 720 quo
811 657 843 700 se
859 637 1028 700 incluserat

267 724 432 803 Aliquando
446 725 550 785 sitiens
564 742 642 785 unus
656 724 692 784 de
707 722 879 785 custodibus

267 809 380 888 dquam
393 811 508 887 rogavit
521 808 619 869 media
633 815 720 869 nocte
735 807 912 877 ancillulam,

268 891 349 962 Quae
363 886 446 954 iorte‘
455 892 591 954 dominae
605 899 677 954 tunc
692 891 855 953 adsistebat
869 910 940 953 snae

268 975 434 1038 Dormitum
449 979 548 1047 eunti:
563 995 689 1057 namque
703 975 913 1038 lucubraverat

267 1059 305 1121 Et
318 1079 413 1140 usqne
427 1063 460 1122 in
474 1079 575 1122 serum
588 1061 703 1139 vigilias
718 1061 906 1140 perduxerat.

267 1143 391 1205 Paulum
405 1145 531 1207 reclusis
543 1145 659 1206 foribus
673 1144 759 1206 miles
777 1146 923 1224 prospicit

267 1230 413 1308 Videtque
428 1238 458 1291 et
472 1247 590 1307 aegram
616 1239 646 1289 et
667 1230 744 1290 11111
759 1229 882 1308 pidchra
897 1229 1049 1291 feminam.

268 1314 428 1392 Correptns
443 1315 558 1375 animus
572 1314 641 1374 ilico
656 1313 847 1375 succenditur

267 1397 305 1456 Et
319 1398 417 1457 uritur
431 1401 542 1458 sensim
557 1400 721 1477 inpotentis
736 1398 894 1477 cupiditas.

268 1480 379 1542 Sollers
394 1500 517 1542 acumen
532 1483 613 1543 mille
632 1501 736 1543 causas
749 1483 872 1551 invenit,

267 1565 325 1625 Per
339 1583 413 1644 quas
426 1565 527 1626 videre
545 1573 647 1645 posset
659 1565 779 1626 viduam
793 1567 922 1644 saepius.

268 1648 423 1710 Cotidiana
438 1657 523 1728 capta
538 1649 752 1710 consuetudine

266 1733 411 1794 Paulatim
425 1734 502 1795 iacta
517 1742 563 1794 est
577 1734 707 1794 advenae
722 1733 916 1804 submissior:

267 1817 333 1878 Mox
347 1820 458 1878 artiore
473 1819 568 1878 vinxit
582 1821 713 1879 animum
727 1817 842 1898 copula.

267 1901 323 1962 Η11
337 1901 407 1962 dum
422 1904 570 1962 consumit
584 1911 686 1963 noctes
700 1910 800 1963 custos
814 1901 949 1977 diligens,

266 1985 474 2047 Desideratum
489 1994 534 2047 est
548 2005 657 2065 corpus
671 2005 708 2047 ex
722 2005 782 2047 una
796 2005 894 2047 cruce.

266 2066 416 2131 Turbatus
430 2070 517 2132 miles
530 2071 640 2132 iactum
655 2073 777 2150 exponit
792 2071 921 2131 mulieri.

267 2154 303 2214 dt
317 2163 418 2216 sancta
432 2155 556 2216 mulier:
586 2155 652 2216 Non
668 2155 807 2235 estquod
821 2157 940 2224 timeas,
957 2155 1007 2226 ait,

265 2237 387 2317 Virique
402 2256 511 2321 corpus
524 2240 616 2300 tradit
630 2239 779 2317 figendum
792 2241 884 2310 cruci,

266 2321 310 2382 Nc
326 2320 431 2382 subeat
445 2323 493 2383 ille
509 2341 619 2402 poenas
636 2323 852 2402 neglegentiae.

267 2405 316 2466 Sic
330 2407 484 2486 turpitudo
498 2407 595 2470 landis
609 2407 725 2469 obsedit
738 2408 846 2469 locum.

595 2561 787 2619 FABVLA
808 2559 889 2619 XIV.

306 2657 394 2710 DVO
411 2656 602 2709 wvuttas
619 2656 770 2708 SPONSI
785 2656 913 2708 DIVES
930 2657 987 2709 M
1002 2657 1184 2714 PAVPR.

327 2737 480 2792 Fortunam
496 2736 638 2791 interdum
654 2739 769 2807 praeter
785 2755 864 2807 spem
880 2738 1039 2794 hominibus
1055 2740 1160 2796 favere.

306 2827 399 2888 Vnam
414 2825 594 2907 expetebant
608 2829 755 2905 virginem
769 2831 891 2889 iuvenes
906 2827 979 2898 duo;

265 2910 342 2971 Vicit
355 2911 487 2991 locuples
500 2929 595 2990 genus
610 2919 640 2972 ct
653 2913 779 2974 formam
794 2914 945 2991 pauperis.

265 2995 301 3055 Vt
315 2996 485 3074 nuptiarum
500 2996 598 3057 dictus
612 2996 731 3057 advenit
745 2996 819 3066 dics,

265 3081 374 3140 Amans
387 3078 520 3140 dolorem
534 3082 604 3160 qnia
618 3098 678 3140 non
692 3087 810 3159 poterat
823 3083 949 3160 perpeti,

263 3161 399 3223 Maerens
412 3166 596 3244 propinquos
611 3165 735 3225 contulit
749 3184 782 3225 se
797 3167 828 3224 in
843 3165 986 3235 hortulos,
1205 3174 1223 3225 ⁵

265 3244 344 3316 Quos
358 3246 435 3308 ultra
451 3249 538 3328 paulo
552 3248 621 3308 villa
637 3248 706 3310 ditis
721 3248 876 3328 splendida

263 3331 336 3393 Erat
350 3339 508 3410 acceptura
523 3334 670 3410 virginem
685 3351 701 3392 e
717 3334 822 3394 matris
836 3335 913 3404 sinu,

263 3413 373 3477 Parum
387 3414 483 3495 ampla
498 3417 529 3476 in
544 3416 619 3476 urbe
634 3419 697 3478 visa
712 3417 791 3496 quod
805 3419 904 3478 iuerat
918 3418 1032 3480 domus.

262 3498 375 3580 Pompa
389 3499 568 3578 explicatur,
583 3500 672 3560 turba
686 3504 839 3562 concurrit
852 3502 1003 3580 frequens,

263 3581 301 3644 Et
315 3583 502 3662 coniugalem
515 3582 641 3663 praebet
654 3585 842 3664 Hymenaeus
856 3587 961 3647 iacem.
1188 3591 1223 3646 to

263 3666 380 3730 Asellus
395 3674 508 3740 autem,
523 3670 576 3750 qui
591 3668 705 3730 solebat
719 3671 845 3751 pauperi
