2975 4234
663 391 772 448 ttuuu
791 392 814 452 I.

262 544 364 607 Facile
378 543 554 622 inpetravit=
576 541 647 603 dein
662 544 833 622 reposcenti
847 542 945 606 locum
1059 610 1061 615 .

262 629 371 690 Preces
386 629 531 697 admovit,
547 634 665 706 tempus
679 645 805 687 exorans
819 625 921 696 breve,

263 712 338 773 Dum
352 713 500 773 firmiores
513 711 627 772 catulos
640 718 741 790 posset
756 711 875 772 ducere.

263 795 327 857 Hoc
341 814 458 876 quoque
473 804 646 874 consumpto
661 795 796 872 flagitare
811 795 939 856 validius

263 879 368 943 Cubile
384 882 492 959 coepit.
518 879 550 940 Si
564 879 640 940 mihi
655 889 685 938 et
700 877 805 939 turbae
819 897 902 940 meae

263 963 334 1035 Par,
350 967 462 1044 iuquit,
478 981 544 1024 esse
558 967 706 1043 potueris,
722 963 826 1023 cedam
841 964 916 1024 loco.

602 1069 795 1174 steron
815 1116 880 1174 xx.

556 1212 693 1264 oms
710 1213 928 1266 summunt.

306 1298 436 1359 Stultum
451 1297 609 1358 consilium
623 1316 682 1358 non
698 1298 785 1357 modo
800 1299 906 1358 ellectu
919 1307 1009 1369 caret,

264 1383 323 1444 Sed
338 1383 375 1444 ad
390 1384 555 1462 perniciem
570 1400 688 1461 quoque
703 1382 844 1442 mortales
858 1383 989 1444 devocat.

307 1468 426 1528 Corium
441 1466 614 1545 depressum
629 1468 660 1526 iu
671 1465 761 1526 lluvio
775 1467 915 1527 viderunt
929 1485 1027 1528 canes

265 1551 298 1612 ld
313 1559 345 1610 ut
360 1567 491 1610 comesse
507 1557 671 1610 extractum
685 1558 807 1628 possent
821 1550 946 1621 facilius,

266 1636 378 1714 Aquam
392 1651 519 1713 coepere
534 1632 672 1693 ebibere:
695 1633 748 1693 sed
762 1636 843 1712 rupti
858 1637 943 1713 prius

265 1717 402 1788 Periere,
419 1736 506 1798 quam
521 1717 599 1796 quod
613 1718 763 1796 petierant
777 1720 992 1795 contingerent

599 1868 792 1930 FABVLA
812 1871 891 1929 XXI.

321 1966 405 2039 hmo
424 1967 579 2028 ΒΕΝἙΧ,
596 1968 725 2029 ΑΡΕΒ,
744 1969 913 2019 'I'AVRVS
930 1969 986 2020 ET
1002 1971 1167 2023 estuve.

308 2043 492 2133 Quicumque
508 2055 608 2113 amisit
622 2053 796 2131 dignitatem
811 2055 977 2132 pristinam,

267 2137 384 2216 lgnavis
398 2140 488 2198 etiam
502 2139 585 2198 iocus
600 2145 646 2197 est
660 2139 691 2196 in
706 2156 777 2198 casu
791 2140 884 2214 gravi.

309 2221 447 2282 Deiectus
463 2223 547 2282 annis
562 2228 593 2281 et
607 2222 742 2282 desertus
757 2220 871 2282 viribus

267 2304 328 2366 Leo
342 2322 410 2364 cum
425 2308 536 2366 iaceret
550 2308 689 2385 spiritum
704 2313 871 2366 extremum
885 2307 1015 2378 trahens,

268 2389 347 2467 Aper
361 2388 512 2450 fulmineis
526 2391 563 2451 ad
578 2409 646 2450 eum
660 2392 741 2450 venit
756 2389 895 2452 dentibus
1208 2402 1225 2452 o

268 2473 305 2534 Et
319 2471 479 2533 vindicavit
494 2475 555 2534 ictu
569 2481 700 2534 veterem
716 2475 865 2538 iniuriam.

269 2557 388 2617 lnlestis
402 2565 505 2617 taurus
519 2575 587 2617 mox
602 2558 735 2618 confodit
749 2557 890 2619 cornibus

269 2640 382 2701 Hostile
397 2658 514 2720 corpus.
545 2642 668 2709 Asinus,
683 2649 717 2700 ut
731 2642 806 2700 vidit
820 2643 917 2702 lerum

269 2724 381 2804 lnpune
397 2725 490 2793 laedi,
506 2724 638 2786 calcibus
654 2725 782 2784 frontem
798 2725 921 2786 extudit.

269 2810 306 2868 At
321 2809 370 2870 ille
386 2811 555 2888 exspirans:
585 2809 690 2871 Fortes
704 2808 826 2886 indigne
841 2809 895 2869 tuli

270 2892 342 2953 llihi
357 2893 514 2954 insultare:
537 2900 582 2962 te,
598 2899 722 2953 naturae
738 2893 875 2962 dedecus,

272 2974 355 3046 Quod
369 2978 450 3038 ferre
465 2994 568 3055 cogor,
584 2983 666 3037 certe
681 2976 728 3038 bis
743 2977 846 3037 videor
860 2979 946 3040 mori.

594 3100 900 3189 rnevntxxn.

536 3225 737 3278 MvsunLA
753 3226 809 3278 ΕΦ
826 3227 960 3281 ΗΟΜΟ.

313 3309 437 3372 Mustela
452 3309 489 3372 ab
503 3310 623 3372 homine
637 3331 746 3392 prensa
761 3331 828 3373 curn
842 3316 1001 3376 instantem
1015 3332 1117 3380 necem

272 3395 409 3472 Effugere
424 3393 525 3457 vellet:
554 3394 685 3467 Quaeso,
700 3416 804 3477 parce,
820 3400 931 3477 inquit,
947 3400 1031 3470 mibi,

271 3476 352 3548 Quae
367 3478 423 3540 tlbi
440 3478 573 3540 molestis
588 3481 723 3542 muribus
737 3501 831 3562 purgo
846 3483 974 3544 domum.

271 3562 436 3642 Respondit
450 3563 516 3624 ille:
544 3565 670 3626 Faceres
686 3569 712 3626 si
727 3585 814 3627 causa
828 3585 904 3636 mea,
947 3560 951 3566 ’

274 3645 396 3707 Gratum
412 3657 490 3708 esset
504 3656 534 3709 et
548 3648 695 3710 dedissem
710 3654 832 3712 ueniam
843 3649 989 3731 supplici.
1085 3729 1087 3733 .
