2975 4234
627 401 806 460 omnent

235 552 317 624 Quae
331 568 426 630 genus
438 560 597 631 utrumque
612 560 712 614 nosset
726 569 795 614 cum
810 551 1022 631 pulcherrime,

235 637 345 715 Legem
360 633 475 698 duabus
488 635 565 697 hanc
578 638 734 717 proposuit
748 636 899 717 partibus:

236 721 301 783 Non
316 722 528 782 inconveniens
542 737 651 800 corpus
666 729 696 781 et
709 739 765 801 par
779 729 825 783 est
838 721 929 792 color,

236 805 269 867 ln
284 804 407 866 dubium
422 803 508 884 plane
524 821 574 866 res
588 813 621 865 ut
635 806 742 866 merito
757 807 884 868 venerit.

236 888 295 950 Sed
308 907 347 951 ue
361 888 468 967 religio
481 896 586 969 peccet
599 889 765 969 inprudens
778 908 855 961 mea,

236 973 322 1034 Alvos
336 975 461 1053 accipite
477 981 506 1034 et
521 975 599 1034 ceris
614 991 688 1052 opus
702 974 861 1045 infundite,

235 1059 272 1119 vt
285 1077 322 1120 ex
337 1075 442 1138 sapore
457 1056 553 1118 mellis
567 1065 598 1118 et
611 1057 707 1118 iorma
721 1058 791 1126 ieri,

235 1142 277 1205 ue
291 1143 360 1223 quis
372 1159 452 1204 nunc
467 1144 579 1220 agitur,
595 1150 698 1202 auctor
712 1141 819 1203 horum
834 1151 986 1223 appareat.

234 1227 309 1288 Fuci
324 1234 480 1288 recusant:
503 1225 610 1306 apibus
624 1226 760 1287 condicio
774 1226 882 1306 placet.

234 1309 318 1372 'Iimc
332 1310 382 1372 illa
397 1310 448 1372 tali
463 1312 511 1370 ius
525 1310 593 1370 tulit
607 1312 769 1372 sententia:

234 1396 376 1472 Apertum
391 1395 516 1474 estquis
530 1412 589 1455 non
603 1396 712 1474 possit,
728 1403 760 1455 et
773 1397 840 1475 quis
854 1396 973 1458 iecerit.

234 1477 420 1559 Quapropter
434 1478 541 1558 apibus
555 1480 686 1539 fructum
701 1481 828 1540 restituo
842 1498 939 1542 suum.

276 1563 358 1624 Hanc
372 1565 582 1643 praeterissem
596 1561 726 1623 iahulam
741 1563 871 1634 silentio,

234 1645 266 1708 Si
281 1655 396 1727 pactam
411 1647 472 1708 iuci
487 1665 547 1708 non
562 1654 751 1706 recusassent
764 1647 863 1708 fldem.

566 1797 759 1858 FABVLA
779 1798 861 1858 XIV.

435 1895 493 1947 Dm
509 1894 622 1946 Lvsv
637 1895 692 1946 ΕΤ
710 1895 990 1949 smvmmunm.

275 1982 440 2044 Puerorum
456 1984 487 2042 in
503 1979 590 2042 turba
605 1981 724 2061 quidam
739 1982 890 2043 ludentem
905 1985 1020 2044 Atticus

233 2071 380 2146 Aesopum
394 2065 521 2128 nucibus
536 2082 603 2126 cum
619 2065 755 2135 vidisset,
770 2069 883 2128 restitit

234 2151 271 2212 Et
285 2153 371 2231 quasi
388 2151 514 2212 delirum
528 2152 605 2210 risit.
635 2147 718 2220 Quod
733 2153 829 2212 sensit
842 2151 931 2212 simul

233 2233 352 2296 Derisor
366 2236 465 2314 potius
479 2252 566 2314 quam
582 2234 764 2295 deridendus
777 2253 878 2306 senex,

233 2320 341 2380 Arcum
356 2330 507 2379 retensum
522 2321 622 2398 posuit
636 2320 667 2379 in
682 2319 781 2379 media
796 2322 858 2381 ria:

233 2403 327 2465 Heus!
347 2404 458 2482 inquit,
475 2405 608 2482 sapiens,
624 2403 745 2482 expedi,
761 2404 832 2482 quid
847 2405 982 2465 fecerim.

233 2489 390 2549 Concurrit
404 2485 539 2565 populus.
569 2486 621 2546 ille
637 2505 669 2546 se
684 2495 804 2566 torquet
818 2488 871 2547 diu

232 2573 294 2634 Nec
308 2572 490 2652 quaestionis
504 2572 617 2649 positae
633 2589 751 2632 causam
766 2570 922 2648 intellegit.

232 2655 397 2717 Novissime
413 2652 589 2715 succumbit.
619 2653 695 2714 Tum
709 2657 803 2714 victor
819 2655 946 2734 sophus:

232 2741 297 2802 Cito
311 2757 431 2819 rumpes
446 2756 562 2807 areum,
578 2755 696 2816 semper
710 2741 736 2799 si
751 2746 868 2799 tensum
881 2738 1039 2808 habueris;

231 2826 268 2886 at
282 2827 307 2884 si
322 2823 445 2893 laxaris,
462 2839 529 2883 cum
544 2820 625 2881 voles
640 2825 698 2882 erit
712 2822 806 2883 utilis.

273 2907 323 2969 Sic
337 2908 424 2968 ludus
438 2909 536 2967 animo
552 2905 641 2966 dehet
655 2906 814 2986 aliquando
829 2906 904 2978 dari,

231 2992 274 3054 id
288 2990 477 3070 cogitandum
490 2989 597 3051 melior
610 2997 644 3050 ut
657 2991 760 3052 redcat
773 2991 840 3052 tibi.

571 3141 763 3202 FABVLA
784 3141 850 3202 XV.

517 3238 643 3292 cums
660 3241 718 3292 AD
735 3239 903 3294 nom

271 3326 352 3389 Inter
367 3325 493 3406 capellas
509 3342 584 3403 agno
599 3327 711 3406 palanti
726 3329 824 3387 canis:

229 3412 339 3481 Stulte,
354 3412 468 3490 inquit,
483 3427 582 3480 erras;
598 3429 657 3471 non
673 3417 718 3471 est
731 3409 781 3470 hic
795 3418 890 3471 mater
904 3418 971 3471 tua:

228 3497 363 3576 Ovesque
379 3508 548 3572 segregatas
562 3494 693 3556 ostendit
707 3493 822 3574 procul.

228 3578 294 3642 Non
308 3578 388 3641 illam
403 3596 529 3659 quaero,
546 3596 639 3657 quae,
654 3597 722 3639 cunr
736 3577 856 3639 libitum
871 3585 930 3646 est,
947 3578 1087 3658 concipit,

228 3662 303 3728 Dein
317 3670 417 3745 portat
430 3680 505 3724 onus
518 3664 652 3740 ignotum
668 3664 761 3725 certis
774 3660 942 3731 mensibus,
1174 3667 1201 3707 *a
1261 3703 1268 3712 -
