2975 4234
666 394 816 450 LIBERI.

607 542 798 604 FABVLA
823 543 880 602 111.

407 642 630 695 omovnvs
648 640 867 693 SVPERBVS
884 640 939 692 ET
956 639 1082 693 Pavo·

306 727 351 790 Ne
365 728 486 807 gloriari
501 727 594 788 libeat
609 728 713 789 alienis
732 726 820 787 bonis
847 740 849 745 ·

266 811 383 892 Suoque
398 815 496 892 petius
510 811 615 874 habitu
630 815 720 873 vitam
735 812 853 888 degere,

265 898 397 976 Aesopus
411 896 568 957 nobishoc
583 896 751 975 exemplum
764 894 907 974 prodidit.

306 981 437 1042 Tumens
451 979 533 1041 inani
546 978 684 1058 graculus
699 978 848 1060 superbia,

264 1063 381 1126 Pennas
394 1066 501 1144 pavoni
516 1083 591 1144 quae
606 1064 779 1125 deciderant
793 1063 910 1124 sustulit

265 1147 362 1229 Seque
378 1150 542 1210 exornavit.
571 1148 685 1208 Deinde
700 1155 891 1208 contemnens
906 1164 976 1207 suos

192 1295 194 1300 ,
265 1232 303 1292 Se
318 1235 469 1293 inmiscuit
483 1233 771 1332 pavonum-lqggrqsc
774 1233 880 1327 gregi.

264 1315 310 1377 Illi
325 1317 481 1396 inpudenti
495 1335 608 1396 pennas
623 1324 755 1396 eripiunt
769 1306 821 1376 avi

265 1400 438 1481 Fugantque
452 1403 568 1461 rostris.
597 1400 672 1460 Male
686 1399 832 1460 mulcatus
846 1397 985 1476 graculus

264 1483 374 1544 Redire
389 1503 525 1545 maerens
540 1487 637 1563 coepit
652 1475 693 1562 ad
702 1464 858 1579 pgd‘priuirr
872 1467 984 1566 genum
1189 1485 1222 1537 10

264 1568 289 1628 A
303 1587 362 1647 que
375 1569 512 1712 repulsus
526 1571 643 1629 tristem
657 1569 798 1628 sustinuit
811 1551 920 1627 nutam.

264 1649 340 1712 Turn
355 1653 405 1731 qul
427 1671 473 1712 am
489 1652 614 1721 exiliis,
631 1670 704 1730 quos
718 1652 802 1731 prius
816 1651 1014 1728 despexerat:

264 1735 425 1797 Contentus
439 1737 549 1796 nostris
563 1739 589 1796 si
604 1736 713 1796 luisses
728 1733 850 1796 sedibus

263 1817 301 1878 lit
314 1820 393 1900 quod
407 1829 514 1880 natura
528 1819 652 1880 dederat
666 1819 807 1879 voluisses
822 1820 893 1897 pati,

264 1902 325 1964 Nec
340 1902 420 1965 illam
436 1912 575 1984 expertus
590 1921 670 1965 esses
685 1903 893 1964 contumeliam

264 1987 324 2048 Nec
339 1988 415 2049 hanc
430 1987 580 2068 repulsam
595 1997 644 2049 tua
659 1990 785 2048 sentiret
799 1988 961 2048 calamitas.

605 2138 797 2198 FABVLA
822 2138 876 2197 IV.

324 2235 450 2288 cums
467 2237 553 2289 Pme
569 2236 769 2288 FLVVIVM
786 2235 965 2287 calam
981 2235 1157 2288 mmsis.

304 2323 421 2381 Amittit
434 2325 542 2383 meritc
556 2324 712 2402 proprium
727 2324 779 2400 qui
795 2321 924 2382 alienum
939 2321 1062 2400 adpetit.

263 2404 350 2466 Canis
365 2422 420 2483 per
434 2404 543 2466 ssumen
558 2424 679 2467 carnem
694 2406 764 2466 dum
779 2406 873 2465 ferret
887 2413 1001 2474 natans,

262 2487 461 2568 Lympharum
476 2491 508 2550 in
522 2490 642 2569 speculo
654 2490 729 2549 vidit
744 2489 934 2550 simulacrum
949 2507 1043 2559 suum.

264 2572 415 2652 Aliamque
430 2572 570 2650 praedam
586 2573 622 2632 ab
638 2573 731 2633 altero
746 2574 820 2632 ierri
834 2579 941 2651 putans

262 2654 388 2735 Eripere
403 2655 510 2716 voluit:
533 2674 636 2723 rerum
652 2656 774 2734 decepta
791 2650 914 2716 ariditas

263 2739 300 2800 Et
314 2758 402 2819 quem
418 2739 539 2800 tenebat
553 2758 604 2800 cre
620 2740 732 2799 dimisit
746 2738 855 2809 cibum,

263 2822 324 2884 Nec
339 2842 427 2903 quem
441 2823 562 2904 petebat
576 2825 674 2904 potuit
688 2823 762 2883 adeo
776 2823 940 2901 adtingere.

612 2959 803 3020 FABVLA
830 2958 868 3017 V.

401 3057 556 3120 VAO0A‚
574 3057 783 3119 cAPELLA,
799 3055 898 3108 owe
914 3057 967 3108 ΕΤ
985 3055 1078 3111 LEO.

305 3139 470 3222 Numquam
486 3149 530 3203 est
547 3142 644 3203 fidelis
658 3160 725 3235 qum
732 3143 1016 3240 potentqspcietas:

262 3224 402 3286 Testatur
416 3226 489 3286 haec
504 3225 612 3287 labella
626 3220 811 3306 propesitu‘m
824 3243 932 3286 meum.

306 3310 398 3370 Vacca
414 3317 443 3370 et
457 3310 568 3389 capella
584 3317 614 3370 et
627 3312 744 3390 patiens
759 3312 822 3371 ovis
836 3311 964 3370 iniuriae

263 3393 343 3454 Socii
358 3394 442 3454 luere
457 3411 524 3454 cum
540 3395 624 3455 leone
639 3397 670 3454 in
685 3393 819 3454 saltibus.

263 3477 381 3538 ilicum
397 3479 545 3556 cepissent
558 3497 678 3539 cervum
693 3481 767 3538 vasti
782 3481 925 3556 corperis,

264 3560 314 3620 Sic
330 3570 375 3622 est
388 3561 503 3622 locutus
518 3561 653 3640 partibus
667 3562 754 3645 laqtis
763 3561 854 3646 leq)-
898 3598 949 3630 u.

264 3643 326 3721 Ego
340 3647 467 3724 primam
482 3645 568 3716 tollo,
583 3648 720 3707 nominer
734 3647 962 3728 queniamlen·⁸

996 3735 1047 3797 Yt-
