2975 4234
657 419 766 474 LIBER
785 420 822 478 II,

597 609 792 672 FABVLA
812 611 882 672 VH.

470 715 581 768 mum
597 716 685 768 ovo
702 717 758 768 mr
774 718 1008 774 neruosus.

304 818 376 882 llull
390 821 504 898 gravati
520 819 646 879 sarcinis
659 817 743 879 ibant
758 819 831 880 duo:

262 903 342 966 Vnus
357 902 475 965 ferebat
488 903 574 964 fiscos
589 921 656 963 cum
670 906 807 982 pecunia,

262 990 345 1052 Alter
357 996 507 1049 tumentes
521 987 615 1047 multo
630 1004 730 1047 saccos
748 987 868 1049 hordeo.

262 1072 314 1135 llle
330 1090 420 1133 onere
435 1071 518 1132 dives
533 1069 611 1132 celsa
626 1073 743 1131 cervice
758 1075 870 1133 eminet

262 1157 439 1236 Clarumque
454 1154 529 1216 collo
543 1157 633 1215 iactat
646 1155 888 1227 tintinnabulum,

262 1241 367 1302 Comes
382 1240 484 1320 quieto
498 1241 634 1318 sequitur
648 1250 679 1300 et
692 1239 809 1318 placido
822 1239 927 1318 gradu.

263 1324 368 1386 Subito
384 1323 515 1385 latrones
529 1341 565 1383 ex
579 1323 697 1384 insidiis
712 1324 847 1385 advolant

262 1408 402 1487 Interque
417 1417 538 1468 caedem
551 1407 632 1468 lerro
647 1408 760 1468 mulum
774 1412 916 1480 sauciant,

263 1493 415 1572 Diripiunt
428 1509 576 1562 nummos,
591 1492 752 1568 neglegunt
765 1493 823 1552 vile
837 1492 993 1556 hordeum.

263 1575 413 1655 Spoliatus
427 1577 517 1652 igitur
532 1593 617 1636 casus
632 1593 700 1635 cum
715 1575 802 1636 lleret
815 1595 899 1638 suos:

262 1659 424 1740 Equidem,
439 1661 538 1738 lnquit
551 1658 639 1727 alter,
656 1676 703 1718 me
719 1667 920 1739 contemptum
935 1662 1057 1739 gaudeo,

263 1743 338 1806 Nam
353 1744 396 1805 nil
411 1743 496 1804 amisi
512 1760 567 1802 nec
582 1759 647 1803 sum
662 1743 761 1803 laesus
774 1744 906 1806 vulnere.

305 1827 368 1889 Hoc
382 1835 556 1905 argumento
570 1833 632 1886 tuta
649 1835 694 1887 est
708 1827 859 1889 hominum
873 1832 1017 1902 tenuitas:

263 1910 384 1991 Magnae
399 1910 513 1991 periclo
528 1918 597 1974 suut
610 1929 683 1990 opes
696 1910 851 1974 obnoxiae.

469 2048 472 2053 ’
592 2063 785 2124 unauna
805 2065 889 2126 vm.

539 2161 705 2213 cmvas
722 2163 781 2212 AD
797 2163 944 2219 Boves.

306 2248 417 2308 Cervus
430 2249 596 2307 nemorosis
611 2249 757 2308 excitatus
771 2247 911 2320 latibulis,

265 2328 301 2390 Vt
314 2337 487 2390 venatorum
501 2331 619 2408 lugeret
634 2334 793 2391 instantem
807 2350 920 2404 necem,

265 2415 358 2476 Caeco
372 2415 479 2474 timore
494 2417 657 2492 proximam
670 2415 769 2476 villam
783 2418 860 2496 petit

264 2498 301 2559 Et
316 2505 481 2575 opportuno
496 2515 528 2557 se
543 2497 633 2558 bovili
648 2499 789 2561 condidit

265 2581 321 2643 llic
335 2579 390 2641 bos
400 2580 519 2641 latenti:
548 2580 692 2651 Quidnam
707 2583 825 2642 voluisti
840 2583 907 2654 tibl,

265 2665 386 2735 lnlellx,
402 2664 480 2725 ultro
494 2666 545 2744 qui
560 2665 597 2725 ad
611 2683 714 2725 necem
729 2669 901 2727 cucurreris

265 2749 482 2828 Hominumque
496 2756 575 2809 tecto
590 2750 727 2828 spiritum
740 2752 943 2813 commiseris?

265 2834 303 2894 at
319 2831 369 2894 ille
384 2833 523 2912 supplex:
553 2833 610 2893 Vos
624 2833 725 2902 modo,
741 2836 852 2914 inquit,
867 2837 999 2914 parclte,

266 2917 427 2978 Occasione
442 2934 547 2978 rursus
562 2935 715 2996 erumpam
730 2918 807 2979 data.

265 3000 399 3078 Spatium
414 3000 475 3060 diei
490 3003 587 3061 noctis
601 3003 754 3080 excipiunt
767 3004 857 3064 vices.

265 3083 413 3144 Frondem
428 3083 575 3145 bubulcus
590 3085 702 3154 adlert,
718 3086 761 3146 nil
777 3088 845 3147 ideo
860 3088 950 3151 videt.

264 3167 344 3228 Eunt
358 3165 484 3228 subinde
499 3176 530 3228 et
543 3169 670 3229 redeunt
683 3188 787 3231 omnes
800 3174 915 3242 rustici,

265 3251 359 3312 Nemo
373 3251 595 3313 animadvertit:
619 3256 725 3314 transit
739 3257 829 3316 etiam
843 3257 957 3328 vilicus,

264 3334 326 3395 Nec
340 3333 390 3396 ille
405 3337 564 3415 quicquam
578 3339 680 3398 sentit.
710 3337 785 3399 Tum
798 3340 929 3417 gaudens
943 3343 1025 3404 serus

264 3417 366 3480 Bubus
379 3420 491 3497 quietis
505 3438 593 3498 agere
608 3424 708 3501 coepit
721 3425 841 3499 gratias,

265 3501 432 3582 Hospitium
448 3504 572 3565 adverso
586 3506 664 3586 quod
680 3509 887 3585 praestiterint
900 3517 1045 3590 tempore.

266 3585 428 3666 Respondit
442 3605 533 3648 unus:
564 3587 680 3650 Salvum
696 3598 726 3651 te
741 3595 877 3670 cupimus
891 3595 1029 3674 quidem:

267 3667 327 3730 Sed
341 3670 408 3741 ille,
424 3673 475 3751 qui
491 3671 592 3733 oculos
608 3683 730 3736 centum
741 3675 855 3748 babet,
868 3680 1050 3741 diremerit,

313 3783 467 3824 nassouve.
1032 3769 1063 3823 ςὶ.
