2975 4234
656 405 766 462 hinnit
785 406 833 464 IV.

264 561 361 634 Aegre
376 556 491 636 recepti
505 563 605 618 umen
620 562 777 616 evaserunt
791 573 905 618 necem.

264 640 361 702 lluoes
376 657 494 710 eorum,
515 642 566 720 qui
581 638 730 718 capitibus
744 657 856 701 cornua

266 723 335 785 Suis
348 723 490 803 ligarent,
507 730 540 784 ut
554 725 749 803 conspicuum
762 725 795 785 in
808 723 924 804 proelio

265 807 416 869 Haberent
430 809 562 886 signum,
578 807 656 887 quod
671 814 869 888 sequerentur
882 807 1001 879 milites.

265 891 395 954 Haesere
409 893 443 953 iu
457 893 552 972 portis
567 898 694 972 suntque
710 893 789 970 capti
805 891 842 952 ab
857 891 1008 963 hostibus;

265 974 343 1047 Quos
356 975 514 1038 inmolatos
527 977 623 1037 victor
638 976 733 1037 avidis
747 974 886 1037 dentibus

266 1061 388 1140 Capacis
402 1059 459 1121 alvi
473 1061 579 1121 mersit
592 1067 725 1120 tartareo
739 1078 841 1140 specu.

307 1143 527 1224 Quemcumque
542 1143 684 1224 populum
698 1145 794 1205 tristis
808 1151 931 1206 eventus
944 1145 1064 1225 premit,

264 1227 453 1290 Periclitatur
466 1227 638 1306 magnitudo
652 1229 840 1308 principum

264 1312 376 1374 biiuuta
390 1311 494 1392 plebes
507 1312 589 1373 lacili
603 1311 754 1392 praesidio
768 1312 851 1373 latet.

599 1498 883 1560 FABVLAVII.

562 1611 926 1668 Pflamnlovs.

307 1733 366 1803 Tu,
382 1735 448 1815 qui,
464 1739 583 1803 nasute,
600 1734 712 1812 scripta
727 1733 888 1809 destringis
902 1749 969 1793 mea

264 1817 302 1880 lit
315 1817 371 1879 hoc
384 1819 518 1879 iocorum
532 1816 633 1894 legere
646 1816 765 1878 fastidis
779 1833 881 1894 genus,

264 1902 356 1964 Parva
370 1899 505 1963 libellum
518 1903 632 1962 sustine
646 1902 800 1981 patientia,

265 1987 460 2048 Severitatem
474 1986 583 2046 frontis
597 1985 668 2046 dum
681 1985 766 2065 placo
780 1991 849 2046 tuae

264 2071 300 2132 llt
314 2072 346 2132 ln
361 2070 515 2132 cothurnis
527 2069 628 2150 prodit
641 2070 774 2149 Aesopus
787 2071 882 2131 novis

305 2154 422 2216 Vtinam
436 2174 492 2216 uec
506 2171 647 2234 umquam
661 2153 736 2214 Pelii
751 2155 882 2214 nemoris
895 2154 966 2231 lugo

264 2238 356 2299 Pinus
370 2238 489 2319 bipinni
509 2237 689 2299 concidisset
703 2237 858 2298 Thessala!

264 2321 326 2384 Nec
340 2322 376 2382 ad
390 2323 541 2402 professae
555 2325 661 2384 mortis
675 2322 817 2383 audacem
831 2324 908 2382 viam

264 2405 453 2468 Fabricasset
466 2407 562 2483 Argus
576 2425 665 2486 opere
680 2404 811 2467 Palladio
825 2414 929 2475 ratem,

264 2490 454 2570 Inhospitalis
467 2492 565 2570 prima
579 2509 655 2570 quae
670 2493 754 2570 ponti
768 2493 851 2551 sinus

263 2575 408 2635 Patefecit
420 2576 453 2636 ln
467 2575 632 2654 perniciem
646 2573 768 2635 Graium
783 2581 814 2636 et
827 2573 1002 2635 barbarum!

263 2657 397 2738 Namque
412 2665 443 2719 et
456 2656 578 2736 superbi
592 2657 674 2735 luget
687 2658 796 2718 Aeetae
811 2657 924 2727 domus,

265 2743 301 2804 Et
315 2759 407 2821 regna
421 2741 519 2804 Peliae
534 2741 647 2802 scelere
661 2741 781 2802 Medeae
795 2743 903 2810 iacent,

263 2825 344 2897 Quae
358 2845 478 2888 merum
492 2827 645 2904 ingenium
659 2827 751 2886 variis
764 2825 915 2886 involvens
928 2825 1024 2887 modis

263 2910 326 2972 lllic
340 2929 395 2991 per
409 2917 493 2972 artus
507 2910 610 2971 iratris
625 2910 768 2989 explicuit
780 2911 890 2988 lugam,
1188 2919 1221 2972 15

207 2991 211 3000 '
263 2994 319 3056 llic
334 2995 424 3056 caede
438 2988 533 3075 patris
548 2994 701 3055 Peliadum
715 2994 820 3055 iniecit
834 3012 949 3056 manus.

305 3077 382 3150 Quid
397 3078 453 3140 tibi
468 3079 605 3140 ridetur?
633 3078 696 3140 lloc
710 3097 827 3158 quoque
841 3079 987 3140 insulsum
1002 3087 1060 3149 est,
1077 3082 1131 3151 ais,

263 3163 407 3244 Falsoque
422 3162 549 3232 dIctum3
563 3162 650 3241 longe
665 3164 735 3242 quia
749 3164 894 3224 vetustior

263 3249 378 3326 Aegaea
392 3246 489 3309 Minos
503 3247 596 3308 classe
611 3247 782 3326 perdomuit
794 3247 873 3308 freta

262 3331 401 3413 Iustoque
416 3330 577 3393 vindicarit
591 3331 726 3411 exemplo
740 3333 885 3411 inpetum.
1186 3339 1220 3392 ω

263 3415 341 3487 Quid
356 3433 428 3494 ergo
442 3433 563 3495 possum
577 3416 675 3476 lacere
690 3414 762 3486 tibi,
777 3415 872 3477 lector
886 3415 968 3485 Cato.

263 3499 295 3562 Si
309 3519 365 3561 nec
380 3498 505 3561 fabellae
521 3506 550 3560 te
565 3501 668 3561 iuvant
681 3518 737 3561 nec
752 3499 885 3562 fabulae!

263 3583 329 3646 Noll
344 3584 487 3646 molestus
501 3602 566 3645 esse
581 3586 701 3645 omnino
714 3585 834 3654 litteris,

263 3667 403 3730 Maiorem
417 3667 578 3730 exhibeant
591 3686 628 3728 ue
644 3667 699 3728 tibi
714 3669 894 3730 molestiam.

994 3762 1047 3821 q„
