2975 4234
270 386 307 451 12
544 393 704 449 PHAEDRX
724 394 947 451 FABVLABVM

309 540 452 621 Vulpinos
466 543 581 604 catulos
594 543 692 623 aquila
706 544 855 623 quondam
868 543 988 605 sustulit

268 625 402 705 Nidoque
417 629 516 706 posuit
530 627 634 706 pullis,
651 645 750 687 escam
764 635 798 688 ut
811 638 979 708 carperent.

268 709 350 770 Hanc
364 719 521 790 persecuta
536 719 630 772 mater
645 729 730 771 orare
747 713 861 790 incipit,

269 793 311 855 Ne
326 802 440 856 tantum
454 797 580 856 miserae
594 795 705 856 luctum
719 798 885 875 inportaret
900 795 970 858 sihi.

268 879 451 957 Contempsit
465 877 530 948 illa,
546 887 608 941 tuta
623 881 731 958 quippe
746 882 811 958 ipso
825 880 900 940 loco.

267 961 376 1041 Vulpes
391 962 428 1023 eb
444 980 494 1023 ara
509 966 609 1042 rapuit
623 963 778 1024 ardentem
791 965 887 1024 iucem

267 1046 429 1126 Totamque
443 1046 568 1108 llammis
583 1047 721 1109 arborem
736 1047 942 1117 circumdedit,

267 1130 367 1191 llostis
382 1129 513 1191 dolorem
528 1132 633 1192 damno
648 1134 777 1192 miscens
795 1135 956 1210 sanguinis.
1191 1137 1225 1191 10

266 1214 370 1293 Aquila
386 1222 418 1274 ut
432 1215 544 1295 periclo
559 1218 663 1277 mortis
677 1218 810 1294 eriperet
823 1234 892 1276 suos

197 1311 202 1320 ·
265 1297 431 1360 Incolumes
445 1307 531 1360 natos
545 1301 669 1380 supplex
683 1300 765 1379 vulpi
782 1300 912 1362 tradidit.
1017 1322 1019 1326 ·

584 1450 779 1512 FABVLA
800 1451 907 1510 XXIX.

465 1549 619 1599 ASINVS
635 1549 845 1600 nmmum
861 1550 1023 1604 APRVM.

289 1638 292 1644 ’
307 1635 483 1715 Plerumque
499 1635 582 1696 stulti
596 1637 690 1696 risum
705 1636 775 1696 dum
790 1643 909 1715 captant
923 1635 1027 1706 levem,

266 1719 353 1781 Gravi
370 1720 558 1797 destringunt
572 1719 644 1781 alios
659 1721 837 1780 contumelia

265 1804 304 1865 Et
318 1803 376 1865 sibi
391 1806 529 1864 nocivum
543 1805 691 1864 concitant
706 1803 883 1883 periculum.

307 1887 423 1948 Asellus
438 1905 510 1966 apro
525 1905 593 1947 cum
607 1888 715 1948 luisset
729 1887 849 1948 obvius:

266 1972 366 2042 Salve,
382 1972 493 2050 inquit,
509 1971 615 2032 irater.
644 1971 696 2032 Ille
711 1971 869 2049 indignans
883 1972 1021 2050 repudiat
1205 1978 1223 2032 ⁵

266 2055 403 2117 Ollicium
418 2063 448 2116 et
462 2057 594 2134 quaerit,
610 2057 721 2116 cursio
736 2058 858 2116 mentiri
873 2057 953 2116 velit.

265 2139 373 2200 Asinus
388 2139 516 2200 demisso
531 2158 622 2219 pene:
653 2139 787 2200 Similem
802 2142 827 2200 si
843 2158 934 2217 negas

266 2223 336 2284 Tihi
351 2241 398 2282 me
414 2241 494 2292 esse,
510 2233 591 2284 certe
607 2224 704 2285 simile
719 2232 766 2284 est
780 2225 836 2283 hoc
850 2231 947 2284 rostro
961 2232 1023 2285 tuo.

265 2309 358 2386 Aper,
375 2325 442 2367 oum
457 2306 544 2367 vellet
557 2309 657 2368 lacere
671 2325 848 2384 generosum
862 2309 1006 2386 inpetum,

265 2391 420 2470 Repressit
433 2392 509 2450 iram
527 2400 571 2451 et:
602 2391 710 2452 Facilis
724 2392 854 2452 vindicta
868 2391 1013 2461 estmilri‚
1190 2397 1225 2450 10

265 2475 324 2536 Sed
338 2476 490 2554 inquinari
504 2475 572 2536 nolo
586 2477 691 2552 ignavo
706 2477 860 2552 sanguine.

590 2627 783 2688 FABVLA
804 2628 895 2687 XXX.

296 2725 444 2776 Reman
462 2725 720 2777 ME‘I'VEN'I'ES
737 2726 975 2778 usvltomm
991 2723 1190 2778 maome.

305 2810 439 2870 Humiles
453 2809 603 2879 laborant,
620 2809 671 2870 ubi
686 2819 822 2889 potentes
836 2811 992 2871 dissident.

264 2894 346 2956 Rana
361 2895 392 2954 in
407 2893 513 2973 palude
529 2911 658 2972 pugnam
674 2903 827 2954 taurorum
841 2897 978 2956 intuens:

264 2978 330 3038 lleu
343 2985 452 3056 quanta
467 2977 553 3038 nohis
567 2979 657 3038 instat
671 2979 834 3057 pernicies!
856 2981 909 3039 ait.

263 3061 448 3138 lnterrogata
463 3060 500 3121 ab
516 3061 587 3131 alia,
604 3079 658 3121 cur
673 3061 729 3122 hoc
744 3063 867 3132 diceret,

264 3145 306 3206 De
320 3147 490 3224 principatu
505 3163 573 3205 cum
589 3145 632 3205 illi
649 3153 800 3206 certarent
814 3148 913 3224 gregis

263 3227 422 3308 Longeque
437 3228 474 3289 ab
489 3231 563 3308 ipsis
578 3229 721 3307 degerent.
737 3233 825 3291 vitam
841 3229 946 3291 boves:

263 3311 316 3373 Est
329 3315 417 3373 statio
432 3319 566 3392 separata
581 3331 615 3373 ac
630 3314 780 3375 diversum
795 3331 905 3391 genus;

264 3395 323 3456 Sed
338 3397 441 3475 pulsus
455 3415 547 3474 regno
562 3398 692 3458 nemoris
707 3400 759 3476 qui
774 3398 950 3475 profugerit.

262 3479 381 3540 Paludis
396 3483 428 3541 in
443 3489 558 3542 secreta
573 3483 672 3541 reniet
686 3480 809 3542 latibula

263 3563 300 3624 Et
315 3565 499 3644 proculcatas
514 3564 631 3626 obteret
644 3565 718 3625 duro
733 3566 819 3644 pede.
1189 3573 1226 3627 lo

262 3647 305 3709 lta
320 3657 408 3729 ceput
423 3649 460 3710 ad
474 3657 608 3710 nostrum
622 3649 707 3709 luror
721 3649 842 3711 illorum
856 3653 998 3732 pertinet.
