2975 4234
264 391 305 458 28
541 400 703 458 Pnunnnl
721 401 945 459 rtemnnvu

265 548 429 611 Novissime
444 549 612 632 prolapsam
626 551 752 614 effundit
766 555 929 623 sarcinam;

264 632 373 694 Verum
387 635 482 706 illam,
498 653 574 716 quae
588 653 635 697 me
650 639 745 698 nutrit
760 637 876 698 admoto
892 637 986 699 ubere

264 717 451 799 Fraudatque
466 730 550 781 natos
563 721 655 791 lacte,
671 740 708 782 ne
723 721 802 783 desit
814 722 900 785 mibi.

264 801 375 864 'l'amen
387 804 441 866 illa
456 812 501 866 est
514 807 626 886 potior,
642 822 718 886 quae
733 816 764 867 te
779 809 906 886 peperit.
938 804 1004 866 Non
1019 806 1061 868 ita
1075 812 1131 868 est.

267 887 346 948 Vnde
362 887 413 949 illa
428 891 529 959 scivit,
545 891 631 967 niger
646 908 682 950 an
698 890 784 951 albus
798 890 956 951 nascererl
1190 897 1224 948 ιο

263 972 325 1049 Age
339 990 444 1052 porro;
460 991 564 1054 parere
580 976 605 1034 si
620 973 764 1036 voluisset
778 975 928 1044 feminam,

264 1053 341 1126 Quid
354 1057 545 1136 profecisset,
561 1077 652 1139 quum
666 1076 787 1120 crearer
801 1059 967 1120 masculusl

263 1139 446 1202 Beneficium
459 1160 598 1221 magnum
613 1161 683 1204 sane
697 1144 788 1204 natali
804 1143 894 1211 dedit,

263 1223 300 1284 Vt
314 1234 517 1304 exspectarem
531 1227 643 1288 lanium
657 1230 689 1289 in
704 1227 793 1288 boras
807 1227 953 1304 singulas!

265 1309 354 1371 Cuius
369 1317 497 1388 potestas
511 1311 590 1372 nulla
604 1315 636 1373 in
651 1312 799 1390 gignendo
814 1313 881 1380 luit,

264 1393 324 1454 Cur
338 1394 393 1455 hac
408 1397 447 1455 sit
461 1398 572 1475 potior,
589 1414 664 1476 quae
679 1398 805 1456 iacentis
819 1398 955 1456 miserita
969 1403 1016 1456 est

263 1475 442 1558 Dulcemque
458 1487 561 1559 sponte
576 1487 707 1560 praestat
721 1480 978 1541 benevolentiam?

264 1561 348 1622 Facit
361 1573 500 1642 parentes
514 1564 645 1634 bonitas,
661 1583 721 1625 non
735 1567 907 1625 necessitas.

306 1647 358 1707 His
373 1648 577 1710 demonstrare
592 1649 684 1710 voluit
698 1657 801 1710 auctor
815 1648 952 1710 versibus

264 1730 417 1793 Obsistere
431 1733 566 1795 homines
579 1733 712 1812 legibus,
729 1735 846 1794 meritis
860 1735 938 1812 capi.

598 1919 790 1980 nABvLA
810 1919 892 1978 XVI.

529 2035 686 2088 010A1>A
701 2035 757 2086 ET
773 2033 957 2088 nochA.

303 2151 488 2216 Humanitati
503 2157 555 2235 qui
570 2172 602 2216 ee
617 2173 677 2216 non
692 2154 903 2224 accommodat,

264 2235 441 2318 Plerumque
455 2258 566 2318 poenas
581 2241 695 2318 oppetit
709 2237 877 2318 superbiae.

306 2321 412 2382 Cicada
427 2323 567 2384 acerbum
581 2332 706 2384 noctuae
721 2325 882 2383 convitium

265 2405 419 2476 Faciebat,
435 2407 539 2467 solitae
553 2409 662 2468 victum
678 2410 710 2467 in
725 2406 860 2466 tenebris
874 2422 1034 2485 quaererev

264 2489 398 2569 Cavoque
413 2509 495 2552 ramo
510 2508 617 2572 capere
632 2509 767 2553 somnum
780 2492 923 2552 interdiu.

264 2573 374 2651 liogata
390 2585 450 2645 ost,
464 2584 498 2636 nt
512 2583 634 2637 taceret.
664 2575 755 2636 Multo
770 2575 895 2636 validius

139 2733 155 2750 ,
264 2658 396 2720 Clamare
412 2663 519 2740 coepit.
549 2661 663 2722 Rursus
678 2660 794 2720 admota
808 2677 898 2739 prece

263 2744 393 2804 Accensa
406 2748 502 2822 magis
516 2753 571 2806 est.
601 2744 713 2806 Noctua
728 2753 762 2804 ut
775 2745 850 2804 vidit
864 2742 923 2804 sibi

264 2825 382 2887 Nullum
397 2846 461 2889 esse
476 2830 617 2890 auxilium
633 2837 663 2888 et
677 2827 768 2888 verba
782 2829 932 2888 contemni
948 2844 1010 2898 sue,

263 2910 324 2971 Hac
339 2918 384 2971 est
398 2912 536 2990 adgressa
550 2913 699 2992 garrulam
714 2911 845 2973 iallacia:

263 2993 399 3055 Dormire
413 2999 483 3076 quia
497 3014 544 3058 me
559 3016 619 3059 non
634 2999 735 3056 sinunt
749 3003 853 3057 cantus
867 2997 921 3066 tui,

264 3079 375 3140 Sonare
390 3081 534 3142 citharam
548 3100 622 3162 quos
636 3089 723 3160 putes
736 3081 889 3160 Apollinis,

263 3163 370 3224 Potare
385 3173 430 3225 est
444 3168 561 3226 animus
575 3174 691 3234 nectar,
707 3166 786 3244 quod
800 3165 897 3225 Pallas
911 3163 986 3226 mibi

264 3247 365 3327 Nuper
379 3249 513 3321 donavit;
529 3253 554 3311 si
569 3269 629 3312 non
643 3250 774 3319 fastidis,
789 3252 874 3318 veni;

264 3333 326 3393 Vna
340 3331 488 3395 bibamus.
517 3336 585 3404 llla,
602 3353 677 3415 quae
693 3333 796 3394 arebat
809 3335 869 3401 siti,

265 3417 360 3478 Simul
374 3420 511 3496 cognovit
524 3437 624 3481 vocem
639 3418 753 3479 laudari
768 3435 862 3497 suam,

265 3501 376 3581 Cupide
392 3503 543 3565 advolavit.
574 3503 687 3565 Noctua
701 3519 820 3579 egressa
835 3519 851 3560 e
867 3518 938 3562 cavo

264 3583 474 3666 Trepidantem
489 3597 655 3649 consectata
670 3594 715 3646 est
730 3594 760 3646 et
773 3585 832 3646 leto
848 3584 935 3646 dedit

251 3660 314 3732 ‘Sic
327 3673 393 3733 viva
406 3673 485 3754 quod
498 3681 621 3752 negarat
634 3671 741 3732 tribuit
753 3681 877 3731 mortua.
