2975 4234
651 408 844 465 APPENDIX.

604 644 796 704 FABVLA
816 643 896 704 XXI.

504 760 690 813 VIA'I'OR
714 761 774 812 Eu
801 758 998 812 00vass

404 865 504 923 Verbis
521 882 719 937 saepenumero
736 866 863 921 homines
880 842 973 934 decipi
988 865 1086 922 solere.
1197 943 1202 946 η

311 979 437 1052 Quidam
452 1001 507 1062 per
521 1000 607 1061 agros
624 983 742 1043 devium
757 999 883 1060 carpens
896 983 955 1042 iter

269 1066 340 1127 Avu
355 1068 507 1127 exaudivit
522 1075 551 1128 et
565 1074 697 1127 moratus
710 1066 871 1146 paululum,

268 1151 379 1212 Adesse
394 1159 427 1212 ut
441 1151 515 1212 vidit
529 1154 694 1221 neminem,
710 1153 790 1230 oepit
804 1150 937 1228 gradum.

268 1235 381 1296 lterum
395 1235 502 1296 salutat
516 1236 595 1296 idern
611 1253 647 1295 ex
661 1235 777 1295 occulto
792 1253 892 1296 sunus.

270 1317 346 1379 Voce
361 1320 500 1399 hospitali
515 1321 705 1380 confirmatus
718 1322 840 1390 restitit,

268 1403 320 1474 Vt,
336 1405 471 1484 quisquis
486 1413 580 1474 esset,
596 1422 650 1483 par
664 1405 794 1464 officium
808 1405 968 1481 reciperet.

269 1487 342 1548 (ium
356 1490 608 1567 circumspectans
623 1507 725 1548 errore
740 1488 886 1548 haesisset
900 1487 951 1547 din

268 1570 306 1632 Et
319 1572 500 1652 perdidisset
513 1580 631 1651 tempus
646 1572 758 1650 aliquot
773 1571 896 1640 milium,

269 1655 405 1717 Ostendit
419 1675 485 1717 sese
501 1674 605 1716 corvus
620 1663 650 1715 et
665 1656 855 1735 supervolans

268 1740 338 1800 alvu
352 1759 446 1821 usque
460 1743 596 1818 ingessit.
626 1739 702 1800 'lum
717 1759 749 1801 se
763 1741 860 1801 lusum
875 1739 1067 1818 intellegens:
1193 1747 1226 1800 1⁰

268 1823 305 1883 nt
319 1824 395 1885 male
409 1823 464 1884 tibi
479 1828 533 1894 sit,
549 1827 658 1904 inquit,
675 1825 736 1886 ales
751 1827 890 1904 pessime,

268 1905 324 1977 Qui
339 1909 507 1970 festinantis
521 1910 566 1969 sic
581 1909 735 1970 detinuisti
750 1909 852 1989 pedes

593 2094 783 2155 FABVLA
804 2097 898 2154 XXII.

516 2200 682 2253 PASTOR
697 2201 752 2252 ET
771 2200 975 2253 OAPELLA.

433 2299 482 2353 Nil
499 2299 640 2353 occultum
656 2315 729 2367 esse,
748 2299 824 2367 quod
840 2315 897 2353 non
913 2298 1062 2354 reveletur.

307 2412 413 2472 Pastor
428 2412 558 2492 capellae
573 2431 667 2475 cornu
682 2413 788 2475 baculo
802 2415 948 2492 fregerat:

265 2495 381 2573 Rogare
396 2498 509 2575 coepit,
525 2514 563 2557 ne
578 2516 610 2557 se
626 2498 744 2558 domino
759 2498 910 2577 proderet.

265 2577 405 2648 Quamvis
419 2580 542 2658 iudigne
556 2581 649 2651 laesa,
665 2580 798 2642 reticebo
812 2588 928 2652 tamem

265 2663 324 2724 Sed
339 2682 389 2726 res
402 2663 541 2725 clamabit
554 2666 633 2744 ipsa,
650 2665 722 2744 quid
737 2664 909 2744 deliqueris.

585 2868 739 2927 FABVL
747 2869 776 2928 A
796 2869 907 2928 XXIII.

503 2973 691 3025 SEBPENS
707 2976 763 3026 Eu
780 2975 988 3030 mnemon.

331 3069 388 3126 Ubi
403 3072 492 3127 leonis
509 3072 592 3140 pellis
610 3072 715 3139 deficit,
733 3074 878 3141 vulpinum
894 3073 1066 3128 induendam
1083 3089 1150 3142 esse,

397 3139 452 3194 hoc
469 3140 523 3206 est,
541 3140 591 3193 ubi
608 3140 741 3194 deficiunt
757 3141 843 3207 vires,
860 3144 923 3195 astu
940 3141 1083 3196 utendum

306 3251 435 3332 Serpens
449 3253 590 3316 lacertam
604 3256 681 3315 lurte
696 3255 847 3316 adversam
861 3256 1038 3335 prenderat;

263 3334 357 3406 Quam
372 3337 513 3399 devorare
528 3340 627 3418 patula
642 3358 709 3401 cum
723 3339 811 3400 vellet
825 3341 903 3419 gula,

263 3421 399 3500 Arripuit
414 3421 464 3482 illa
479 3441 570 3501 prope
585 3427 731 3485 iacentem
746 3425 906 3495 surculum,

262 3503 300 3564 Et
313 3507 460 3583 pertinaci
474 3525 576 3567 morsu
589 3515 790 3569 transversum
804 3517 918 3580 tenens,

263 3587 386 3650 Avidum
401 3590 515 3651 sollerti
531 3594 639 3652 rictum
653 3595 782 3653 lrenavit
796 3612 889 3654 mora.

263 3669 406 3734 Praedam
420 3674 533 3736 dimisit
548 3694 600 3736 ore
614 3695 737 3755 serpens
753 3679 880 3738 irritam.
