2975 4234
650 399 841 459 APPENDIX.

270 551 396 621 Corona,
411 550 510 620 miles,
527 550 665 631 equidem
679 559 708 610 te
724 551 801 611 dono
815 550 922 620 libens,

269 634 349 705 Quod
363 635 518 697 vindicasti
532 635 650 696 laudem
664 635 789 696 Romani
802 637 917 715 inperi;

268 719 325 780 Sed
340 718 541 780 exstillescant
554 719 632 781 oculi
647 722 705 789 sic,
722 722 836 799 inquit,
851 723 921 790 mei,

269 801 366 882 Turpe
382 803 454 864 illud
469 805 589 864 imitans
605 804 826 865 iusiurandum
840 804 954 874 militis,

268 887 330 949 Nisi
345 896 378 949 tu
393 887 542 949 abstulisti
558 890 690 948 sarcinas
704 905 801 968 nuper
815 907 907 949 meas.

613 1041 803 1101 FABVLA
824 1041 877 1102 IX.

458 1139 580 1202 IVNO,
598 1139 740 1191 quvs
757 1140 813 1190 ΕΤ
831 1139 1031 1192 omnus.

307 1225 381 1288 Cum
396 1228 562 1287 castitatem
576 1225 650 1286 luno
665 1225 800 1286 laudaret
814 1245 907 1296 suam,

267 1309 459 1371 Iucunditatis
473 1328 592 1371 caueam
607 1328 666 1370 non
680 1312 793 1389 sprevit
808 1311 915 1380 Venus,

266 1393 441 1473 Nullamque
455 1403 490 1456 ut
503 1396 666 1455 affirmaret
680 1413 746 1455 esse
761 1395 805 1454 illi
819 1412 932 1474 parem,

265 1477 469 1555 Interrogasse
484 1480 528 1540 sic
542 1479 682 1556 gallinam
697 1479 820 1539 dicitur:

266 1562 318 1622 uic
333 1563 433 1633 sodes,
449 1570 559 1642 quanto
574 1565 670 1641 possis
686 1565 788 1623 satiari
804 1563 882 1624 cibo.

265 1647 431 1726 Respondit
444 1647 510 1707 illa:
541 1645 688 1725 Quicquid
703 1647 838 1717 dederis,
855 1649 927 1708 satis
941 1648 1010 1718 erlt‚

266 1731 331 1802 Sic,
346 1739 379 1792 ut
394 1731 537 1792 concedas
552 1731 680 1810 pedibus
694 1730 807 1808 aliquid
821 1730 963 1810 scalpere.

266 1815 309 1876 Ne
324 1816 452 1895 scalpas,
468 1817 579 1894 inquit,
596 1817 667 1877 satis
683 1824 728 1876 est
742 1816 858 1876 modius
873 1816 984 1877 tritici?

265 1900 371 1971 Plane,
387 1902 478 1961 immo
492 1902 619 1960 nimium
634 1907 693 1970 est,
710 1901 763 1960 sed
778 1901 916 1980 permitte
931 1899 1076 1979 scalpere.

265 1985 308 2045 Ex
323 1992 400 2055 toto,
415 1984 527 2064 nequid
542 1985 670 2063 scalpas,
686 1984 759 2063 quid
774 1984 944 2044 desideras?

266 2069 342 2129 Tum
357 2069 485 2149 denique
500 2068 551 2130 illa
566 2070 644 2129 lassa
659 2077 704 2129 est
718 2077 840 2130 naturae
855 2067 978 2129 malum:

264 2153 349 2214 Licet
362 2153 502 2213 horreum
516 2155 557 2213 mi
573 2160 685 2231 pateat,
702 2170 757 2230 ego
772 2151 900 2231 scalpam
915 2160 1025 2214 tamen.

264 2236 377 2298 Risisse
392 2237 465 2297 luno
480 2237 591 2299 dicitur
606 2237 728 2298 Veneris
743 2239 819 2306 ioco,

265 2318 340 2390 Quia
354 2339 409 2401 per
423 2321 561 2400 gallinam
577 2322 726 2382 denotarit
741 2322 877 2383 lemluas.

617 2476 809 2535 FABVLA
829 2476 866 2534 X.

426 2572 772 2625 PA'I'ERPAMILIAS
789 2573 845 2624 ΕΤ
861 2573 1061 2626 AESOPVS.

440 2653 584 2718 Quomodo
601 2653 742 2708 domanda
759 2654 796 2707 ait
811 2654 891 2707 ferox
907 2653 1046 2708 iuventus.

306 2742 521 2804 Paterfamilias
537 2760 656 2802 saevum
670 2740 800 2802 habebat
815 2743 919 2802 lilium.

264 2827 319 2888 Hic
333 2846 350 2888 e
365 2833 526 2907 conspectu
541 2844 609 2886 cum
622 2829 716 2906 patris
730 2835 905 2897 recesserat,

264 2910 447 2972 Verberibus
462 2929 563 2972 servos
577 2909 727 2971 alliciebat
740 2911 878 2990 plurimis

263 2994 301 3055 Et
315 2995 473 3057 exercebat
487 2995 632 3056 lervidam
647 2995 885 3057 adolescentiam.

264 3081 396 3158 Aesopus
410 3098 482 3158 ergo
496 3089 599 3140 narrat
612 3080 668 3140 hoc
683 3079 815 3140 breviter
830 3081 910 3140 seni:

263 3162 388 3233 Quidam
403 3165 528 3224 iuvenco
542 3164 672 3225 vetulum
687 3163 869 3242 adiungebat
883 3163 998 3226 herem.

263 3247 292 3308 ls
307 3265 375 3308 cum
389 3249 541 3326 relugiens
556 3250 655 3327 inpari
670 3248 744 3308 collo
759 3250 861 3326 iugum
899 3293 914 3323 .

262 3333 375 3393 Aetatis
390 3340 546 3392 excusaret
559 3335 639 3393 vires
653 3330 822 3410 languidas:

262 3415 328 3478 Non
342 3423 388 3476 est
402 3415 481 3495 quod
495 3418 614 3487 timeas,
630 3419 729 3496 inquit
743 3417 788 3477 illi
803 3420 950 3487 rusticus:

263 3499 328 3562 Non
342 3509 376 3561 ut
389 3499 507 3561 labores
522 3501 614 3571 facio,
631 3502 684 3562 sed
698 3508 732 3562 ut
746 3504 836 3562 istum
851 3502 961 3572 domes,

264 3583 319 3654 uui
333 3584 413 3645 calce
429 3591 460 3644 et
474 3602 568 3644 cornu
581 3583 689 3646 multos
703 3586 804 3646 reddit
818 3585 941 3646 debiles.

263 3667 299 3729 Et
313 3676 346 3729 tu
360 3671 419 3730 nisi
434 3671 524 3730 istum
538 3677 637 3730 tecum
652 3669 770 3731 assidue
784 3670 907 3731 detines

1190 1991 1224 2043 10
