2975 4234
210 436 216 448 .
265 382 286 445 4
546 382 706 438 PHAEDRI
725 383 948 438 FABVLARVM

269 530 447 602 Secundam,
463 532 531 610 quia
546 549 612 592 sum
626 532 727 601 tortis,
741 529 883 593 tribuetis
897 532 989 605 mihi:

268 613 358 685 Tum,
373 617 443 693 quia
456 615 523 695 plus
537 615 634 685 valeo,
649 634 697 676 me
712 623 852 694 sequetur
865 619 970 689 tertia;

267 697 342 759 llalo
357 699 527 770 adficietur,
543 701 638 779 siquis
652 708 788 779 quartam
801 703 944 779 tetigerit.
1190 709 1225 763 lo

309 782 359 844 Sic
373 792 465 844 totam
479 783 618 863 praedam
632 784 694 844 sola
707 783 872 863 inprobitas
887 784 1020 848 abstulit.

609 936 800 996 FABVLA
826 937 879 995 VI.
969 934 972 939 ’

547 1035 694 1087 ΒΑΝΑΕ
711 1035 770 1085 AD
787 1034 938 1088 ΒΟΙιΕΜ.

308 1117 405 1179 Vicini
418 1120 494 1180 iuris
509 1119 642 1181 celebres
656 1119 731 1180 vidit
744 1122 864 1199 nuptias

267 1203 399 1281 Aesopus
413 1212 443 1264 et
457 1205 597 1264 continuo
612 1222 734 1265 narrare
749 1206 869 1282 incipit:

308 1287 435 1348 onrem
449 1288 596 1368 quondam
611 1287 661 1348 Sol
676 1306 744 1349 cum
759 1287 848 1348 vellet
862 1288 987 1358 ducere,

266 1370 431 1432 Clamorem
444 1389 534 1433 ranae
549 1372 695 1433 sustulere
710 1371 747 1433 ad
762 1372 870 1433 sidera.

267 1455 400 1518 Convitlo
414 1463 567 1536 permotus
581 1458 699 1537 quaerit
712 1456 848 1536 luppiter
1205 1465 1223 1518 o

267 1539 390 1601 Causam
404 1539 553 1620 querelae.
582 1539 732 1611 Quaedam
746 1548 811 1600 tum
825 1541 923 1618 stagni
937 1539 1050 1602 incola:

266 1622 366 1694 Nunc,
382 1626 493 1704 inquit,
509 1643 611 1686 omnes
625 1642 702 1686 unus
717 1626 817 1686 exurit
831 1624 913 1687 lacus

266 1708 408 1788 Cogitque
422 1711 547 1769 miseras
560 1709 642 1771 arida
656 1709 727 1770 sede
742 1711 845 1770 emori.

266 1790 411 1864 Quidnam
425 1795 558 1854 luturum
572 1801 632 1863 est,
648 1794 673 1853 si
687 1795 798 1852 crearit
812 1792 942 1853 liberos?

602 1943 791 2003 FABVLA
813 1943 884 2003 VH.

373 2041 540 2092 vvurus
556 2042 615 2092 AD
632 2041 864 2093 PERSONAM
880 2042 1113 2097 mamone.

306 2128 466 2190 Personam
481 2128 624 2204 tragicam
638 2127 715 2187 lorte
730 2127 833 2206 vulpes
847 2127 978 2188 viderat:

265 2212 290 2274 0
305 2218 414 2292 quanta
428 2213 557 2290 species,
573 2212 684 2290 lnquit,
700 2210 858 2272 cerebrum
872 2230 932 2272 non
945 2210 1050 2272 habeti

306 2295 368 2356 Hoc
383 2294 442 2356 illis
457 2295 640 2364 dictumest,
656 2294 766 2374 quibus
783 2295 926 2355 honorem
942 2302 973 2355 et
986 2295 1111 2372 gloriam

266 2380 396 2441 Fortuna
411 2377 532 2449 tribuit,
548 2396 669 2439 sensum
684 2396 869 2438 communem
885 2378 1019 2441 abstulit.

593 2529 785 2590 FABVLA
806 2531 890 2590 VIII.
929 2585 931 2589 .

531 2627 683 2680 LVPVS
705 2628 766 2679 ΕΤ
788 2627 948 2683 GBVIS.

306 2712 364 2784 Qui
377 2715 507 2794 pretium
521 2716 622 2773 meriti
638 2713 675 2775 ab
690 2713 827 2794 inprobis
842 2715 1000 2786 desiderat,

265 2797 316 2860 Bis
329 2804 447 2877 peccat:
470 2798 600 2876 primum
614 2800 754 2878 quoniam
767 2798 904 2876 indignos
918 2799 1051 2869 adiurat:

263 2881 378 2962 lnpuno
392 2880 477 2942 ablre
492 2880 599 2941 deinde
614 2884 683 2960 quia
698 2884 759 2942 iam
772 2900 831 2962 non
847 2889 953 2961 potest.

306 2965 346 3027 0s
361 2965 531 3026 devoratum
546 2965 631 3026 lauce
646 2983 712 3026 cum
727 2965 867 3027 haereret
879 2967 951 3047 lupi,

263 3049 368 3127 llagno
384 3047 484 3110 dolore
498 3049 593 3108 rictus
607 3051 706 3129 coepit
720 3052 766 3110 sin
788 3051 852 3111 ulos
899 3097 917 3138 4
931 3107 950 3123 ,

264 3133 390 3194 lnlicere
405 3134 519 3212 pretio,
534 3140 567 3194 ut
581 3131 654 3193 lllud
670 3067 861 3195 {strillre'nt
873 3135 993 3196 malum.

222 3279 224 3282 a
264 3217 394 3279 Tandem
408 3234 550 3296 persuasa
564 3223 609 3277 est
622 3219 688 3278 iure
702 3219 828 3279 iurando
842 3221 935 3296 gruis,

265 3301 415 3381 Gulaeque
431 3301 555 3362 credens
569 3301 636 3361 colli
652 3302 878 3379 longitudinem,

263 3383 464 3446 Periculosam
478 3386 550 3446 lecit
564 3385 741 3446 medicinam
756 3386 836 3464 lupo.

264 3479 288 3529 A
302 3485 360 3548 quo
375 3486 442 3529 oum
456 3477 573 3548 pactum
587 3469 734 3546 flagitaret
748 3471 927 3549 praemium:
1184 3475 1219 3529 to

264 3551 382 3630 Ingrata
397 3570 443 3622 es,
460 3555 571 3632 inquit,
587 3571 638 3614 ore
653 3571 729 3633 quae
744 3571 761 3614 e
775 3561 877 3614 nostro
891 3561 980 3634 caput

264 3635 411 3697 Incolume
426 3635 585 3698 abstuleris
599 3643 629 3698 et
643 3636 811 3698 mercedem
826 3640 967 3718 postules.
