2975 4234
308 1228 390 1282 Mart.
409 1231 504 1296 Epigr.
523 1228 579 1290 111,
598 1230 642 1291 20,
662 1229 691 1280 is

374 1299 416 1348 An
434 1296 589 1348 aemulatur
604 1297 713 1362 inprobi
729 1298 806 1348 iosos
823 1295 962 1348 Phaedri?

307 1432 430 1484 Asianus
448 1430 566 1497 epistula
587 1431 622 1481 ad
639 1431 833 1482 Theodosium:

374 1502 475 1550 Verum
493 1499 542 1548 has
560 1514 608 1563 pro
627 1499 750 1564 exemplo
767 1499 878 1551 fabulas
896 1504 924 1550 et
935 1499 1066 1550 Socrates
1082 1499 1184 1551 divinis
1195 1516 1262 1565 ope·

374 1568 450 1618 ribus
472 1565 572 1616 indidit
598 1569 626 1616 st
647 1567 783 1631 poematis
810 1569 869 1617 suis
892 1568 1012 1619 Flaccus
1039 1571 1161 1633 aptavit,
1189 1566 1262 1632 quod

374 1636 404 1685 in
425 1649 455 1685 se
478 1633 527 1683 sub
546 1635 669 1684 iocorum
692 1637 871 1685 communium
890 1636 985 1700 specie
1004 1636 1082 1687 vitae
1100 1639 1262 1700 arguments

375 1704 544 1752 contineant.
568 1715 637 1764 quas
650 1701 764 1752 Graecis
781 1703 881 1752 iambis
893 1703 1011 1753 Babrius
1028 1708 1156 1768 repetens
1167 1703 1197 1752 in
1209 1703 1261 1752 duo

373 1769 513 1820 volumina
542 1769 687 1820 coartavit.
728 1769 869 1820 Phaedrus
898 1771 983 1820 etiam
1007 1776 1115 1836 partem
1142 1769 1261 1834 aliquam

375 1837 493 1901 quinque
510 1836 540 1884 in
557 1835 667 1886 libellos
685 1837 806 1887 resolvit.

306 1970 544 2102 Idemhriziurimvero
561 2039 685 2101 arbores,
705 2039 781 2089 ieras
799 2054 860 2089 eum
875 2038 1031 2089 huminibus
1048 2054 1158 2105 gemere
1175 2044 1229 2092 eta.

372 2105 505 2170 Respexit
523 2105 590 2155 adl
612 2105 680 2170 prol.
699 2108 724 2158 6.

307 2239 472 2291 Prudentius
490 2237 570 2290 cath.
589 2240 653 2299 VII,
672 2242 734 2290 115:

374 2307 439 2358 Alvi
456 2307 568 2371 napaeis
585 2310 664 2357 vivus
682 2308 805 2356 hauritur
825 2323 919 2373 specu.

373 2375 507 2438 Respexit
524 2375 559 2425 sd
576 2374 623 2437 1v,
641 2375 670 2437 6,
691 2377 731 2426 10.

307 2508 418 2560 Titulus
430 2510 477 2574 qui
488 2508 591 2571 legitur
603 2508 675 2574 apud
689 2509 834 2560 Gruterum
852 2525 896 2575 pg.
907 2511 966 2573 898,
981 2513 1028 2574 16,
1045 2526 1126 2561 versu
1144 2509 1261 2574 quodam

375 2577 495 2627 Phaedri
508 2573 577 2644 [111‚
591 2579 632 2641 1⁷,
647 2573 691 2642 12]
706 2577 817 2627 celeber
834 2576 892 2640 ille,
911 2577 993 2628 valde
1011 2583 1154 2643 suspectus
1173 2574 1260 2644 [conf.

374 2643 508 2695 Ritsehel.
526 2643 635 2695 Anthol.
654 2645 717 2695 Lat.
736 2644 837 2698 Coroll.
857 2661 902 2710 pg.
921 2641 977 2712 13].
